2964 4737
1193 331 1682 413 —41—

354 523 507 596 late
598 538 1051 625 propagatae
1128 538 1366 595 sectae
1433 518 2038 594 Vaishnavarum
2122 517 2504 621 princeps,

360 646 579 720 cuius
628 643 1086 718 mentionem
1142 671 1296 719 non
1358 641 1536 717 fecit
1588 641 2113 742 Anandagiris,
2186 659 2511 715 caeteras

358 763 649 842 scholas
693 786 1042 842 accurate
1090 792 1510 856 recensen8‚
1560 765 1769 867 quod
1823 766 1983 839 {ieri
2041 793 2193 841 non
2232 764 2512 868 potuis-²

359 907 504 978 set,
578 889 640 963 si
692 888 889 963 liber
956 889 1087 963 ille
1148 908 1314 993 post
1364 886 1863 988 Ramanujam
1925 889 2249 991 scriptus
2307 906 2511 961 esset.

366 1010 639 1086 Facilis
686 1028 795 1085 est
846 1011 1026 1085 hinc
1075 1012 1951 1098 conclusio‚·Sancaram
1993 1011 2269 1086 eteius
2302 1009 2518 1084 disci-

369 1135 648 1237 pulum
683 1133 1242 1236 Anandagirem
1290 1151 1465 1209 ante
1513 1162 1808 1209 annum
1858 1134 2340 1207 millesimum
2390 1133 2524 1206 sso-

368 1255 634 1347 ruisse,
689 1256 904 1358 quod
928 1260 1344 1360 Taylorum
1396 1257 1697 1355 (Dedin.
1741 1252 2245 1355 ofPrabocl'lz
2277 1252 2520 1325 Chem-

367 1376 587 1450 drod.
641 1404 719 1479 p.
755 1373 898 1469 V.)
965 1377 1382 1477 significare
1430 1379 1809 1463 existimo,
1883 1377 2171 1452 etiamsi
2241 1400 2519 1449 nomen

372 1494 835 1599 Ramanujae
865 1499 1132 1573 misere
1167 1499 1704 1604 depravaverit.
1770 1501 1979 1573 Confi
1994 1515 2287 1571 rmatur
2319 1495 2520 1569 idem

371 1648 416 1693 a
465 1619 836 1694 Madhava
865 1677 885 1710 ,
969 1620 1457 1695 Mimansicae
1536 1621 1833 1696 scholae
1917 1622 2267 1721 magistro
2331 1615 2518 1711 (Col.

370 1744 751 1819 Transact.
798 1747 872 1835 1,
924 1771 1000 1847 p.
1043 1743 1274 1838 4430,
1339 1745 1477 1845 qui
1526 1744 1822 1819 saeculo
1889 1742 2180 1816 decimo
2243 1759 2520 1844 quarto

373 1863 471 1940 ad
523 1850 957 1971 exemplum
1003 1856 1504 1969 Anandagi1·is
1565 1863 2216 1966 -Sancaravijayam
2281 1862 2524 1937 edidit

365 1987 629 2079 (Wils.
682 1989 919 2092 praef.
970 1988 1069 2065 ad
1093 1993 1571 2067 Lex-Sanscr.
1624 1992 1964 2093 p.xV11.
1998 2014 2106 2088 sq.
2207 1993 2303 2060 As
2362 1989 2521 2059 Res.

370 2111 575 2199 XVI,
614 2137 688 2214 p.
719 2107 997 2212 1¹o.8q.).
1059 2116 1131 2186 Is
1153 2100 1555 2188 Sancaram
1584 2113 1682 2185 ab
1715 2111 2053 2212 antiquis
2085 2097 2322 2213 poetis
2363 2111 2524 2182 lau-³

249 2218 254 2225 ⁴
377 2228 647 2322 datum
708 2255 856 2304 esse
923 2230 1193 2321 refert,
1263 2232 1473 2333 quod
1523 2233 1716 2308 bene
1763 2260 1838 2308 se
1907 2233 2168 2323 habet,
2243 2235 2297 2307 si
2357 2234 2525 2335 plus

377 2379 615 2453 quam
665 2350 1015 2454 quinque
1076 2355 1368 2427 saecula
1440 2354 1691 2455 ipsum
1753 2355 1956 2428 inter
2003 2371 2077 2425 et
2124 2350 2527 2429 Sancaram

373 2475 788 2576 praeterita
835 2493 1039 2548 sunt.
1139 2475 1522 2550 Habemus
1556 2474 1710 2547 iam
1745 2453 2344 2550 duo⁸terminosz
2397 2502 2531 2548 an-

378 2620 571 2669 num
605 2592 750 2669 550
791 2591 877 2688 (si
902 2595 1493 2671 Buddhistarum
1524 2597 2121 2700 persecutionem
2155 2622 2359 2671 anno
2391 2595 2530 2671 5oo

379 2716 697 2792 initium
757 2722 1030 2822 cepisse
1092 2718 1566 2812 statuimus),
1633 2735 1803 2819 post
1849 2744 2083 2821 quem
2129 2721 2532 2795 Sancaram

381 2839 641 2915 vixisse
688 2838 1286 2917 demonstratum
1347 2861 1490 2932 est,
1573 2860 1649 2917 et
1712 2861 2006 2917 annum
2063 2868 2288 2931 icoo,
2356 2839 2535 2916 ante

383 2988 617 3063 quem
705 2963 873 3037 eius
961 2966 1243 3039 natales
1324 2966 1662 3067 ponendi
1744 2984 1945 3041 sunt.
2092 2966 2540 3039 Aecuratius

387 3085 609 3160 nobis
658 3084 753 3158 de
818 3087 1162 3169 saeculo,
1228 3113 1384 3187 quo
1460 3088 1840 3192 pertineat
1868 3143 1890 3172 ,
1967 3087 2538 3188 inquirentibus

383 3209 659 3312 primo·
688 3209 868 3283 libri
919 3210 1362 3284 Malabarici
1417 3210 1753 3286 narratio
1800 3233 1960 3283 sese·
2000 3208 2261 3297 offert,
2339 3221 2539 3310 quae

389 3343 567 3404 eum
619 3352 927 3407 centum
976 3358 1213 3406 annos
1262 3349 1428 3434 post
1458 3330 1931 3406 Cumarilam
1976 3331 2227 3404 lucem
2276 3331 2540 3407 vidisse

383 3453 720 3530 affirmat
771 3456 1031 3536 (Wils.
1079 3454 1315 3558 praef.
1368 3482 1440 3556 p.
1482 3453 1759 3548 XIX.)
1857 3457 2064 3529 Pone
2110 3454 2350 3555 igitur
2396 3456 2544 3528 Cu-

385 3577 739 3653 marilam
790 3603 1032 3679 usque
1081 3577 1176 3651 ad
1228 3604 1520 3652 annum
1571 3577 1711 3652 550
1769 3576 2055 3661 vixisse,
2118 3575 2324 3652 unde
2364 3581 2543 3652 San-

384 3726 640 3774 caram
673 3700 923 3775 medio
972 3702 1268 3775 saeculo
1315 3701 1633 3803 septimo
1685 3718 1951 3774 natum
1999 3726 2177 3783 esse,
2231 3700 2546 3776 ineunte

385 3839 649 3897 octavo
725 3821 1064 3896 floruisse
1136 3841 1740 3924 consequeretur.
1871 3825 2183 3896 Prorsus
2260 3820 2549 3899 diversa

387 3963 652 4020 narrat
688 3943 885 4019 liber
921 3944 1229 4046 exiguae
1262 3944 1771 4033 auctoritatis,
1804 3942 2032 4043 Bboja
2062 3931 2554 4028 Prabandhass⁴

387 4066 804 4145 secundum
880 4094 1110 4170 quem
1174 4071 1497 4152 Sancara
1568 4096 1610 4142 a
1684 4092 1854 4170 rege
1910 4065 2141 4168 Bhoja
2223 4065 2546 4171 hospitio
