2964 4737
1344 323 1837 396 ...30-

497 510 831 591 rationes
896 508 1078 588 inde
1138 512 1238 588 ah
1282 511 1722 589 Alexandro
1790 536 1928 617 per
1978 509 2386 588 Graeciam
2435 510 2706 590 divar-

370 724 375 727 1
494 634 747 739 gatae,
792 635 796 639 ⁴
840 633 1031 711 hinc
1106 630 1297 711 adeo
1370 633 1584 740 apud
1645 635 2143 723 Strabonem,
2222 660 2268 708 a
2334 635 2704 710 Lassenio

494 755 756 831 nostro
808 755 1034 848 (Mus.
1071 753 1314 831 Rhen.
1355 757 1433 842 Ι,
1487 779 1567 841 2,
1618 780 1692 856 p.
1738 750 1935 846 183.)
1983 754 2282 855 egregie
2332 755 2698 832 illustra-

497 898 697 972 tum,
748 878 1140 952 variarum
1169 873 1615 949 scholarum
1652 874 1964 950 mentio.
2029 876 2368 953 Credant
2401 877 2690 981 igitur,

490 1002 631 1102 qui
686 1002 1033 1102 ipsorum
1069 994 1451 1072 Indorum
1480 995 2026 1071 auctoritatem
2062 1018 2473 1103 respuunt,
2524 1026 2695 1075 cre-

491 1125 684 1198 dant
711 1122 1042 1209 Graecis,
1078 1110 1418 1195 'testibus
1466 1119 1819 1209 oculatis,
1872 1120 2012 1222 qui
2064 1147 2422 1224 magnam
2475 1122 2693 1198 inve-

491 1272 679 1321 nere
729 1246 938 1319 inter
1000 1268 1173 1318 suos
1220 1241 1703 1346 physiologos
1764 1260 1845 1319 et
1885 1242 2507 1321 ‘Brahmanarum
2553 1271 2690 1321 sa·-

489 1369 789 1473 pientes
837 1357 1450 1441 similitudinem.

689 1495 860 1592 Ipsa
938 1483 1221 1562 deinde
1291 1484 1561 1587 lingua
1634 1485 2060 1577 sanserita‚
2137 1487 2377 1590 magis
2449 1489 2692 1567 etiam

489 1638 727 1715 quam
752 1613 1079 1697 Graeca,
1127 1625 1560 1683 ceterarum
1596 1607 1950 1683 omnium
1990 1609 2688 1709 φιλοσοφικωτάτη,

489 1736 729 1810 habet
794 1732 1265 1808 indolem'et
1312 1730 2006 1806 conformationem
2068 1731 2690 1837 philosophicam

489 1882 923 1959 magnaque
973 1854 1344 1931 facilitate
1374 1872 1452 1930 et
1488 1850 1860 1930 brevitate
1891 1854 2241 1932 notiones
2285 1856 2689 1961 metaphy-

487 1981 674 2054 sicas
733 1977 1163 2080 exprimere
1229 1993 1511 2080 potest,
1593 1976 1701 2051 ita
1751 1992 1847 2052 ut
1905 1978 2329 2081 populum,
2402 1979 2542 2081 qui
2591 1997 2687 2054 ea

489 2101 899 2186 utebatur,
978 2112 1261 2173 natura
1333 2122 1470 2173 sua
1521 2094 1622 2172 ad
1670 2097 1978 2172 altiores
2019 2094 2155 2173 has
2201 2100 2688 2201 quaestiones

488 2249 832 2326 pronum
884 2218 1111 2294 fuisse
1161 2236 1552 2324 appareat.
1651 2219 1821 2295 Hoc
1875 2239 2138 2295 autem
2188 2222 2686 2326 philosophi<-

489 2370 622 2420 cae
673 2342 1032 2419 dictionis
1095 2367 1389 2433 semen,
1473 2341 1692 2445 quod
1757 2345 1912 2418 iam
1977 2344 2096 2417 in‘
2132 2344 2686 2447 antiquissimis

488 2470 800 2571 linguae
877 2466 1401 2542 monumentis
1469 2467 1935 2569 detegimus,
2008 2468 2445 2544 scholarum
2508 2467 2688 2543 dili-

490 2595 748 2695 gentia
815 2610 893 2667 et
959 2590 1320 2665 acumine
1389 2587 1783 2663 nutritum
1846 2590 2264 2692 posteriore
2339 2608 2685 2695 tempore

491 2736 649 2790 tam
702 2717 854 2789 late
902 2737 1054 2787 sese
1121 2708 1614 2814 propagavit,
1686 2727 1780 2783 ut
1828 2708 2017 2784 adeo
2073 2711 2158 2785 in
2207 2712 2687 2814 quotidianis

487 2835 971 2913 sermonibus
1021 2830 1668 2935 philosophorum
1723 2832 2037 2906 termini
2081 2855 2686 2940 usurparentur,

488 2960 710 3033 cuius
761 2958 872 3031 rei
923 2957 1172 3030 multa
1222 2955 1570 3059 exempla
1620 2973 1839 3049 sunt3
1908 2956 2393 3044 siclocutio,
2443 2987 2688 3061 quam

488 3108 721 3185 supra
772 3077 877 3183 (p.
914 3074 1063 3172 50.)
1115 3077 1534 3152 illustravi:
1586 3069 1799 3172 πῑητᾶε
1854 3096 1931 3154 et
1976 3073 2349 3176 ατῑητῆῖτπες
2399 3103 2685 3177 πξῐςε,

485 3204 698 3308 quod
749 3206 834 3278 in
880 3203 1050 3278 loco
1102 3227 1146 3276 e
1192 3199 1723 3277 Mrichchhac.
1776 3201 2009 3278 citato
2059 3203 2442 3297 occurrit3
2503 3201 2690 3275 πωτῆ

482 3327 963 3402 Vicramorv.
1014 3353 1089 3429 p.
1143 3351 1274 3423 90,
1341 3324 1392 3398 l.
1441 3352 1509 3423 7.
1576 3341 1655 3397 et
1730 3324 1882 3398 alia
1953 3324 2295 3401 eiusdem
2370 3327 2689 3428 generis.

486 3449 1013 3524 Inveniuntur
1060 3465 1453 3552 praeterea
1518 3450 1766 3524 multa
1835 3448 2209 3525 vocabula
2278 3450 2364 3526 in
2417 3451 2690 3551 lingua

486 3571 887 3656 Sanscrita,
941 3594 1145 3670 quae
1191 3588 1448 3673 etymo
1481 3597 1622 3646 suo
1658 3572 2011 3648 notiones
2045 3589 2483 3647 monstrant
2514 3591 2692 3647 vere

487 3692 1056 3798 philosophicas
1121 3710 1198 3766 et
1259 3689 1643 3794 mysticas:
1730 3719 1816 3766 ea
1886 3712 2150 3768 autem
2219 3694 2691 3799 perantiqua

486 3835 703 3904 sunt,
781 3842 961 3917 ergo
1035 3813 1271 3889 etiam
1341 3814 1745 3917 dogmata,
1813 3844 2156 3919 quorum
2206 3816 2422 3919 quasi
2476 3817 2693 3916 signa

493 3958 569 4013 et
623 3939 988 4041 imagines
1037 3936 1428 4036 videntur.
1481 3976 1582 3994 —
1663 3939 1802 4013 His
1850 3939 2324 4041 argumentis
2373 3966 2417 4013 a
2470 3936 2695 4013 nobis

493 4063 1108 4137 demonstratum
1193 4079 1302 4141 est
1340 4118 1359 4152 ,
1448 4062 1605 4138 iam
1698 4049 2133 4140 veterrimos
2225 4062 2696 4138 Brahmanas
