2964 4737
1196 316 1742 393 *⁹155*-

376 538 584 616 quae
631 512 852 614 quasi
885 530 1253 589 naturam
1291 515 1816 590 omniscientis
1851 511 2151 590 domini
2191 521 2593 591 assumunt

377 652 457 709 et
508 659 651 738 per
685 634 1215 736 ignorantiam
1272 638 1539 742 posita,
1595 663 1851 740 neque
1888 636 2000 713 sic
2048 662 2306 739 neque
2357 639 2595 714 aliter

381 782 534 832 esse
586 756 743 830 dici
795 777 1149 862 possunt,
1217 786 1473 838 semen
1524 760 1989 837 evolutionis
2033 760 2590 862 aeternigyri,

382 898 567 955 sunt
621 879 946 955 facultas
1002 880 1391 986 decipiens
1460 882 1984 959 omniscientis
2031 882 2329 958 domini
2382 901 2460 957 et
2510 881 2595 957 in

382 1004 613 1079 saeris
662 1002 884 1079 libris
933 1000 1259 1104 aliisque
1324 1031 1647 1105 magnae
1712 1002 2193 1080 auctoritatis
2242 1028 2595 1106 procrea-

385 1126 538 1200 trix
585 1123 867 1227 (origm
919 1123 1131 1219 πῃπῇ)
1185 1127 1731 1231 appellantur3
1783 1126 1881 1200 ab
1933 1126 2055 1201 his
2102 1125 2442 1200 diversus
2481 1144 2595 1201 est

384 1247 844 1321 omnisciens
914 1244 1292 1321 dominus.
1395 1249 1534 1324 Est
1618 1246 2012 1330 dominus,
2102 1247 2242 1349 qui
2312 1245 2596 1348 gaudet

270 1393 276 1401 ’
388 1367 786 1444 delusione
837 1396 977 1472 per
1029 1397 1312 1444 nomen
1362 1391 1440 1446 et
1491 1372 1851 1460 formam,
1903 1398 2103 1472 quae
2154 1371 2592 1472 ignorantia

386 1488 984 1592 producuntur,
1060 1490 1720 1593 quemadmodum
1804 1493 2141 1596 spatium
2219 1492 2596 1587 (aether)

386 1609 669 1712 gaudet
722 1611 1123 1687 delusione
1174 1639 1316 1717 per
1368 1615 1603 1688 ollam
1655 1612 1778 1708 (ut
1830 1639 2109 1717 nempe
2148 1615 2366 1717 quasi
2404 1613 2595 1688 divi-

372 1757 558 1810 sum
610 1753 1012 1837 appareat,
1084 1735 1379 1810 etiamsi
1434 1760 1685 1809 unum
1736 1732 1904 1829 sit);
1989 1755 2065 1811 et
2114 1736 2176 1810 is
2226 1735 2589 1812 dominus

385 1854 726 1955 singulos
797 1857 1095 1932 animos
1168 1859 1449 1932 activos
1522 1858 1758 1951 facit3
1840 1857 2139 1933 domini
2216 1858 2594 1959 regimen,

386 1977 922 2052 omniscientia
975 1996 1053 2053 et
1107 1978 1678 2084 omnipotentia
1728 1997 1916 2054 sunt
1958 1980 2210 2053 solum
2251 1998 2601 2083 respectu

386 2099 627 2175 huius
677 2097 1074 2172 divisionis
1126 2127 1264 2202 per
1322 2101 1886 2202 ignorantiam,
1962 2102 2271 2176 realiter
2321 2102 2405 2176 in
2458 2126 2600 2206 pu·-

395 2219 696 2296 rissimo
728 2220 866 2293 illo
896 2218 1157 2294 animo
1190 2222 1411 2295 nulla
1460 2221 1806 2296 activitas
1852 2247 2006 2296 esse
2045 2241 2307 2325 potest.
2392 2225 2600 2298 Haec

388 2348 741 2423 Sancara.
855 2342 1307 2418 Admittunt
1382 2342 1626 2445 igitur
1718 2341 2197 2421 existentiam
2279 2344 2602 2447 quidem

377 2465 837 2552 relativam,
908 2463 1102 2540 dum
1173 2465 1612 2566 ignorantia
1661 2463 1747 2539 in
1814 2465 2038 2540 nohis
2104 2466 2600 2556 dominatur,

388 2610 638 2690 eaque
718 2606 1024 2663 tantum
1095 2588 1397 2663 ratione
1462 2587 1809 2664 sensibus
1876 2605 2017 2663 etc.
2095 2587 2396 2691 aliquid
2467 2591 2602 2665 tri·

389 2707 654 2786 buunt
665 2743 688 2804 3
742 2728 1096 2786 nostrum
1137 2726 1398 2785 tamen
1428 2727 1541 2785 est
1574 2708 1946 2789 realitatis
1984 2709 2199 2788 illam
2239 2711 2602 2787 umbram

389 2829 779 2908 destruere
829 2852 907 2909 et
956 2858 1134 2907 vera
1185 2831 1435 2908 forma
1477 2831 1721 2907 uniri.
1821 2834 2033 2908 Haec
2084 2851 2341 2909 autem
2386 2833 2601 2908 delu-

364 2951 500 3058 'sio
550 2951 830 3028 mundi
890 2951 1321 3055 saepissime
1370 2977 1554 3029 cum
1601 2977 1692 3026 eo
1743 2976 2005 3029 errore
2042 2973 2601 3060 eomparatur,

390 3099 553 3178 quo
602 3073 887 3175 aliquis
955 3073 1227 3147 funem
1304 3091 1737 3178 serpentem
1789 3100 1942 3151 esse
2012 3078 2397 3153 existimat
2445 3104 2605 3152 ma-

390 3221 700 3295 gnoque
770 3213 1056 3271 terrore
1130 3194 1511 3299 impletur
1592 3193 1865 3290 (Sane.
1937 3199 2015 3270 B.
2055 3200 2123 3274 S.
2173 3202 2284 3281 11,
2350 3226 2426 3286 1,
2491 3209 2663 3294 14.‚-'

390 3325 666 3421 p.14o·
698 3315 1199 3392 Vedantasar·
1253 3344 1329 3422 p.
1364 3313 1506 3413 4.),
1559 3336 1698 3393 aut
1747 3344 1929 3393 cum
1981 3317 2315 3422 imagine
2363 3346 2601 3422 aqua·

392 3464 608 3522 rum,
677 3457 881 3540 quae
942 3437 1283 3513 sitientes
1349 3437 1433 3512 in
1488 3436 1785 3514 deserto
1834 3439 2126 3546 decipit
2172 3436 2447 3534 (Sanc.
2500 3440 2603 3517 ad

399 3557 617 3633 cath.
671 3584 744 3666 p.
783 3564 919 3657 48,
969 3558 1018 3632 1.
1058 3554 1180 3652 5.)‚
1232 3576 1373 3634 aut
1426 3584 1608 3634 eum
1659 3580 2084 3671 apparente
2134 3564 2310 3640 solis
2360 3564 2603 3641 mobi-

277 3677 283 3682 ’
394 3681 613 3758 litate
642 3699 780 3755 etc.
834 3681 919 3756 in
968 3708 1174 3788 aqua
1210 3671 1451 3777 (Sanc.
1476 3684 1556 3757 Β.
1579 3685 1818 3766 S.111,
1857 3711 1941 3769 2,
1989 3692 2096 3763 18.
2133 3713 2295 3792 sqq.
2342 3715 2409 3791 p.
2434 3689 2600 3762 262.

397 3802 584 3896 fin..)
687 3802 827 3879 His
877 3806 1241 3908 exemplis
1289 3804 1702 3884 adversarii
1752 3804 1837 3880 id
1888 3806 2375 3885 obiecerunt:
2440 3838 2604 3890 non

395 3924 784 4027 quadrare
833 3952 921 4000 ea
972 3926 1059 4001 in
1096 3927 1470 4017 Brahma,
1547 3928 1735 4030 quia
1790 3929 1902 4007 ibi
1960 3933 2270 4008 nullum
2320 3933 2604 4007 erroris

400 4050 621 4151 quasi
672 4050 1144 4127 substratum
1188 4050 1290 4128 sit
1304 4079 1326 4146 3
1394 4051 1684 4157 quibus
1761 4052 2233 4161 ineptissime
2293 4080 2603 4159 respon-
