2964 4737
1200 354 1298 371 -·
1410 321 1571 393 162.
1651 352 1749 372 -

405 536 608 616 que:
671 512 783 587 sol
833 529 916 589 et
951 512 1178 596 luna,-
1221 507 1492 614 fulgur
1543 529 1618 589 et
1666 508 1952 600 sidera,
2001 527 2084 587 et
2128 508 2342 614 quod
2395 512 2609 589 illius

407 633 537 710 hic
583 651 823 710 est-et
871 631 1080 735 quod
1125 660 1294 717 non
1362 652 1513 724 est,
1585 660 1817 710 omne
1885 632 1971 707 in
2034 631 2172 709 illo
2242 633 2604 736 positum.

406 760 617 833 Huic
662 757 724 832 si
793 757 969 860 quis
1037 754 1367 834 diceretz
1437 755 1715 861 quodsi
1789 757 1895 834 in·
1943 755 2609 835 haeBrahmanis

409 883 609 957 urbe
661 907 892 956 omne
928 881 1265 985 positum
1312 898 1539 968 esset,
1583 904 1847 957 omnes
1886 898 2285 961 creaturae
2318 877 2613 954 omnia-

410 1032 566 1106 que
619 1002 1032 1088 desideria,
1119 999 1315 1103 quid
1383 999 1779 1102 reliquum
1849 996 2088 1090 foret.
2150 1000 2211 1077 si
2264 1015 2614 1077 senectus

413 1127 629 1202 illam
682 1126 1305 1231 adtingeretlaut
1358 1122 1424 1205 si
1453 1120 1941 1201 concideret?
1992 1121 2054 1199 is
2110 1116 2612 1225 respondeat.-

412 1274 572 1321 non
647 1243 845 1323 illud
916 1243 1259 1357 corporis
1321 1260 1720 1331 senectute
1783 1243 2137 1333 senescit,
2174 1269 2376 1321 ¹non
2444 1242 2613 1317 eius

411 1395 600 1445 neec
649 1386 1046 1453 necatur-3
1122 1393 1298 1447 vera
1366 1384 1478 1449 est
1561 1365 2019 1479 Brahmanis'
2061 1366 2300 1461 .urbs;
2384 1367 2475 1445 in
2521 1392 2612 1443 ea

414 1491 676 1567 omnia
732 1487 1105 1577 desideria
1158 1489 1437 1595 posita3
1505 1489 1571 1571 is
1615 1489 1922 1575 animus
1972 1508 2081 1567 est
2132 1490 2296 1567 sine
2347 1516 2612 1596 pecca-

419 1617 546 1702 tis,
597 1613 765 1686 sine
804 1628 1233 1701 senectute,
1281 1609 1448 1689 sine
1485 1629 1770 1700 morte,
1817 1612 1984 1695 sine
2019 1636 2400 1701 moerore,
2442 1613 2610 1691 sine

423 1737 627 1811 fame
677 1752 754 1808 et
801 1732 962 1824 siti,
1035 1759 1255 1809 verus
1307 1734 1391 1809 in
1446 1730 1874 1823 desideriis,
1925 1759 2148 1808 verus
2200 1733 2286 1808 in
2334 1735 2607 1815 volun-

419 1862 649 1934 tate.“
752 1857 1069 1960 Copiose
1119 1857 1335 1936 hunc
1383 1858 1646 1933 locum
1697 1857 2054 1933 tractavit
2073 1860 2506 1934 SancaraB.
2536 1861 2607 1936 S.

413 1986 483 2072 Ι,
539 1986 619 2070 3,
673 1988 775 2076 '¹4
810 2016 904 2034 —-
942 2005 1056 2052 22.
1112 2007 1186 2082 p.
1232 1985 1381 2079 74,
1460 1979 1685 2053 cuius
1746 1978 2200 2085 praecipuas
2263 1980 2607 2057 observa·

415 2104 664 2179 tiones
723 2101 854 2177 hic
921 2100 1368 2180 delibemus.
1472 2102 1904 2200 Quaeritur
1975 2103 2265 2207 primo,
2338 2122 2608 2187 utrum

415 2227 718 2316 aether,
773 2223 868 2301 de
917 2253 1082 2330 quo
1130 2226 1262 2302 hic
1306 2253 1553 2313 sermo
1602 2243 1746 2317 est,
1799 2226 1898 2302 sit
1945 2228 2447 2323 elementum,
2501 2253 2607 2305 an

411 2348 671 2427 vivens
719 2347 1074 2442 animus,
1140 2380 1243 2428 an
1292 2376 1681 2427 summum
1736 2375 2082 2428 numen·
2063 2408 2085 2444 ‚
2156 2348 2343 2453 quia
2391 2346 2606 2432 enim

412 2500 693 2577 corpus
747 2472 1183 2548 humanum
1236 2471 1686 2554 Brahmanis
1735 2471 1922 2546 urbs
1972 2473 2426 2558 nominatur
2472 2470 2631 2564 (οἰδ

411 2597 625 2673 Cath.
679 2625 756 2700 p.
799 2623 920 2683 ιο,
971 2596 1019 2669 1.
1066 2621 1132 2667 2.
1179 2585 2037 2692 Ἢῆπῆῑζῑιζτῖππατειπῑὲῆπ.
2094 2622 2119 2661 ι·
2186 2593 2427 2680 „urbs
2458 2620 2606 2668 un·-

410 2718 661 2794 decim
751 2718 995 2825 portis
1073 2716 1449 2793 instructa
1519 2716 1813 2791 aeterni
1883 2735 1961 2794 et
2023 2717 2206 2822 puri
2273 2716 2605 2807 animi‚‘-‘.

407 2867 609 2941 quae
673 2841 766 2915 de
831 2865 1150 2943 corpore
1218 2838 1725 2941 intelligenda
1790 2865 1940 2915 esse
2003 2840 2227 2918 docet
2275 2842 2607 2920 Sanoua

408 2961 640 3035 schol.
694 2988 770 3063 p.
806 2959 936 3059 59,
978 2961 1026 3034 l.
1063 2958 1200 3056 4.),
1258 2986 1650 3042 nonnemo
1698 2962 2054 3039 animum
2100 2964 2607 3044 viventemin

408 3080 932 3185 Chhandogya
992 3083 1411 3188 significari
1486 3084 1871 3160 coniicere
1938 3085 2195 3189 possit.
2240 3127 2247 3134 ·
2294 3091 2398 3163 At
2456 3088 2608 3166 ele-

405 3225 767 3292 mentum
832 3206 963 3282 hic
1026 3208 1358 3309 intelligi
1428 3234 1588 3281 non
1666 3224 1947 3310 potest,
2026 3211 2253 3311 quia,
2340 3230 2433 3296 ut
2492 3212 2608 3289 ait

404 3332 734 3403 Sancara
798 3354 870 3431 p.
915 3324 1044 3427 75,
1096 3328 1149 3402 l.
1209 3332 1317 3405 16.
1387 3349 2133 3415 ῆπττῶιπσὲῆητπᾶπξεπ
2178 3354 2317 3427 {gun
2362 3357 2411 3404 :t
2460 3356 2607 3428 ²³5¹-

404 3446 540 3521 ᾱπὲῐ
586 3431 823 3519 {tueri-38
878 3475 889 3516 ι
965 3449 1425 3551 „qualitates
1473 3450 1755 3541 animi,
1834 3452 2195 3557 puritatis
2244 3484 2290 3530 a
2343 3481 2609 3558 pecca·-

408 3575 504 3648 tis
554 3591 691 3650 etc.
746 3571 832 3646 in
873 3570 1177 3648 aethere
1219 3599 1379 3647 non
1431 3573 2019 3656 inveniuntur.“
2059 3653 2067 3661 ,
2120 3582 2213 3652 In
2248 3579 2607 3656 animum

309 3676 320 3684 ⁸
404 3695 786 3772 viventem
837 3693 1172 3803 quadrat
1232 3694 1553 3798 quidem
1603 3726 1747 3776 vox
1794 3719 1994 3790 εῖτ-ὄπ,
2069 3699 2203 3775 sed
2255 3728 2509 3803 neque
2555 3730 2602 3784 a

406 3820 737 3926 peccatis
786 3816 1040 3922 neque
1088 3847 1135 3894 a
1182 3819 1395 3898 senio
1445 3840 1524 3898 et
1574 3840 1822 3899 morte
1872 3824 2075 3900 liber
2120 3843 2250 3901 est·
2345 3830 2606 3906 Restat

409 3943 686 4047 igitur,
739 3962 831 4019 ut
883 3970 1163 4048 parvus
1213 3943 1345 4019 ille
1396 3944 1661 4022 aether
1697 3946 2026 4026 Brahma
2075 3948 2208 4039 sit,
2263 3948 2478 4053 quod
2515 3948 2604 4026 in

406 4067 722 4146 homine
764 4086 1309 4144 commoratur.
1385 4070 1668 4144 Revera
1697 4069 1802 4155 sic
1839 4097 2030 4166 esse,
2081 4074 2337 4154 elucet
2367 4072 2604 4152 etiam
