2964 4737
1220 349 1321 366 --
1430 307 1554 383 151
1669 345 1792 359 -·-

396 500 681 578 terialis
754 501 1236 607 cognoscitur
1271 560 1288 591 ‚
1379 502 1596 606 quod
1669 505 1753 578 in
1831 506 2339 607 sequentibus
2424 506 2609 586 aliis

391 625 628 699 etiam
678 625 1148 726 argumentis
1202 627 1497 729 probat.
1551 665 1646 679 —
1729 630 1929 703 Sutr.
1978 638 2089 723 24.
2141 629 2241 703 Et
2288 648 2598 729 propter

391 750 829 819 mentionem
898 748 1548 823 considerationis.
1652 753 1942 825 Comm.
2046 751 2300 829 Etiam
2343 732 2597 853 'consi-

392 866 810 967 derationis
875 871 1168 946 mentio
1223 871 1466 945 animi
1520 874 2078 948 caussalitatem
2129 875 2598 950 efficientem

391 1008 471 1065 et
533 992 1009 1066 materialem
1075 990 1585 1085 demonstrat3
1659 993 1744 1067 in
1796 993 1914 1067 his
1963 994 2174 1068 enim
2224 995 2449 1079 locis:
2529 982 2596 1069 is
2678 1080 2687 1087 x

395 1118 662 1212 cupiit:
719 1118 1002 1188 utinam
1053 1114 1445 1213 multiplex
1484 1118 1624 1188 sim
1659 1131 1730 1189 et
1777 1138 2118 1213 generem
2171 1132 2282 1189 et:
2338 1100 2424 1188 id
2468 1114 2598 1189 de·-

394 1233 779 1309 siderabat
827 1260 920 1308 ex
952 1234 1195 1308 libera
1247 1235 1585 1326 actione,
1641 1235 1769 1309 cui
1822 1235 2328 1314 consideratio
2379 1263 2600 1343 prae-

394 1355 644 1444 cessit,
731 1357 1164 1431 caussalitas
1229 1357 1568 1432 efficiens
1639 1355 2065 1455 redundat3
2135 1384 2177 1432 e
2247 1362 2594 1435 vocibus:

394 1478 701 1553 utinam
751 1480 1162 1583 multiplex
1209 1479 1390 1563 sim,
1445 1480 1632 1581 quia
1669 1478 2178 1555 consideratio
2220 1481 2354 1555 illa
2396 1482 2600 1557 mul-

399 1600 832 1703 tiplicitatis
869 1600 965 1676 ad
1003 1627 1454 1705 supremum
1498 1603 1852 1678 animum
1880 1601 2253 1704 pertinet,
2307 1600 2602 1679 caussa-

397 1725 572 1801 litas
642 1727 1058 1802 materialis
1121 1726 1496 1828 sequitur.
1544 1771 1645 1787 -
1713 1729 1914 1803 Sutr.
1964 1723 2076 1800 254
2144 1726 2244 1801 Et
2288 1722 2602 1825 propter

397 1849 868 1949 manifestam
943 1857 1330 1953 utriusque
1400 1854 2191 1925 commemorationem‘
2244 1836 2598 1928 *Comm.

395 1974 655 2073 Pergit
704 1971 797 2047 de
848 1972 1324 2051 caussalitate
1374 1971 1756 2046 materiali
1808 1971 2045 2073 loqui·
2149 1955 2338 2045 Eam
2391 1995 2604 2072 quo-

395 2117 552 2192 que
602 2093 702 2167 ob
755 2118 918 2166 rem
969 2093 1297 2171 Brahma
1349 2091 1778 2168 substantia
1832 2091 2152 2182 mundi,
2204 2076 2392 2194 quia
2431 2098 2606 2168 ‘ma-
2673 2141 2681 2151 ,

398 2213 703 2305 nifeste,
778 2212 1210 2288 Brahmane
1281 2231 1373 2287 ut
1439 2238 1694 2286 caussa
1771 2213 2051 2316 positu,
2127 2207 2597 2316 utrumque,

395 2336 610 2438 origo
649 2355 727 2411 et
766 2334 1188 2411 destructio
1234 2331 1915 2408 commemoratur:
1970 2357 2221 2407 omnes
2246 2336 2602 2432 profecto

398 2462 542 2534 hae
608 2474 997 2532 creaturae
1063 2482 1169 2531 ex
1241 2458 1544 2531 aethere
1606 2460 1957 2532 oriuntur
2021 2472 2094 2531 et
2128 2460 2238 2528 'in
2306 2458 2610 2532 aethere

396 2602 740 2658 occasum
804 2567 1037 2673 eunt3⁸
1104 2604 1147 2652 e
1206 2605 1364 2680 quo
1433 2578 1645 2652 enim
1715 2575 2019 2683 aliquid
2084 2578 2340 2653 oritur
2389 2596 2469 2654 et
2512 2559 2608 2657 'ih

395 2704 1079 2807 quodissolvitur‚
1159 2702 1240 2776 id
1295 2729 1437 2807 pro
1490 2702 1655 2777 eius
1719 2728 1973 2780 caussa
2028 2702 2410 2796 materiali
2461 2702 2598 2777 ha-

396 2829 662 2916 hetur,
713 2824 1105 2929 quomodo
1162 2844 1359 2901 terra
1412 2843 1522 2899 est
1571 2851 1830 2901 caussa
1881 2848 2148 2929 oryzae
2187 2841 2266 2899 et
2302 2821 2602 2898 hordei.

393 2953 607 3024 Voce
677 2948 1148 3046 manifestam
1197 2947 1628 3046 significat,
1697 2948 1928 3021 aliam
1983 2951 2320 3021 caussam
2370 2965 2607 3021 mate-

397 3071 671 3146 rialem
721 3070 910 3173 poni
964 3095 1126 3143 non
1177 3094 1385 3172 posse
1434 3085 1755 3171 propter
1802 3068 2073 3140 verbaz
2124 3095 2216 3142 ex
2267 3070 2598 3145 aethere.

397 3194 725 3268 Occasus
774 3217 1088 3295 quoque
1140 3191 1336 3280 eius,
1408 3187 1625 3294 quod
1675 3189 2034 3263 effectum
2084 3208 2231 3273 est,
2286 3194 2597 3267 nonnisi

400 3316 485 3390 in
554 3340 809 3390 caussa
877 3313 1253 3402 materiali
1319 3311 1820 3415 conspicitur.
1938 3314 2138 3386 Sutr.
2199 3316 2311 3388 26.
2401 3315 2603 3414 Quia

397 3462 478 3512 se
530 3442 768 3534 ipsum
791 3437 1012 3537 facit
1051 3460 1192 3532 per
1243 3437 1996 3529 transformationem.
2064 3437 2353 3510 Comm.
2409 3437 2600 3509 Eam

398 3585 713 3662 quoque
763 3559 862 3633 ob
910 3583 1072 3633 rem
1123 3555 1449 3629 Brahma
1509 3555 1935 3630 substantia
2006 3553 2319 3646 mundi,
2386 3554 2602 3659 quod

397 3682 781 3783 scriptura
835 3680 917 3753 in
972 3681 1179 3765 loco,
1258 3676 1398 3779 qui
1470 3674 1565 3749 de
1617 3676 2048 3751 Brahmane
2113 3680 2312 3780 agit,
2394 3680 2602 3756 hisce

398 3804 686 3880 verbis:
742 3802 824 3876 id
876 3806 1114 3901 ipsum
1163 3824 1245 3874 se
1296 3805 1538 3900 ipsum
1564 3799 1774 3899 fecit
1825 3800 2174 3876 animum
2226 3821 2319 3876 ut
2370 3803 2602 3906 passi-

399 3953 586 4001 vum
654 3943 734 4000 et
793 3922 1131 3998 activum
1207 3919 1584 4014 ostendit3
1661 3920 2000 3995 vocibus:
2074 3945 2157 3996 se
2210 3928 2448 4024 ipsum
2508 3937 2604 3995 ut

402 4037 818 4154 passivum,
860 4045 1204 4142 vocibus:
1258 4050 1500 4145 ipsum
1525 4044 1721 4143 fecit
1761 4027 2116 4154 activum.
2187 4031 2601 4156 Quomodo
