2964 4737
1360 256 1651 357 --56
1750 317 1842 397 ⁸.-

524 478 887 554 manis‘et
936 479 1209 556 mundi
1261 481 1493 557 creati
1546 481 1891 583 obtegere
1941 479 2156 566 solet,
2225 477 2386 553 eius
2430 475 2728 551 efficat*

430 627 500 688 19
522 604 638 676 cia
692 603 1015 679 Brah‘ma
1085 623 1468 679 mutatum
1535 603 1853 679 videtur.
1969 602 2212 678 Etiam
2284 599 2445 674 illic
2512 625 2722 685 vero

448 734 457 744 '
523 725 596 797 vi
665 725 1070 826 obtegendi
1135 727 1377 802 deleta
1446 725 1889 801 Brahmanis
1961 744 2036 799 et
2106 722 2377 798 mundi
2450 721 2718 796 creati

523 844 961 922 differentia
1011 848 1404 922 manifesta
1456 848 1575 941 fit3
1654 873 1744 920 ex
1793 847 1912 920 his
1959 845 2257 920 duobus
2302 843 2556 916 solum
2614 839 2717 915 in

523 968 817 1044 mundo
867 989 1118 1044 creato
1179 971 1502 1044 mutatio
1569 995 1717 1044 esse
1770 987 2050 1073 potest,
2118 966 2337 1040 nulla
2391 965 2712 1038 ratione

423 1113 499 1154 2ο
522 1092 610 1166 in
670 1092 1117 1167 Brahmane.
1267 1092 1641 1194 Quinque
1702 1111 1884 1167 sunt
1966 1090 2400 1193 qualitates:
2494 1112 2706 1177 esse,

522 1213 816 1304 lucere,
864 1212 1273 1316 gaudium,
1341 1214 1584 1288 forma
1621 1239 2081 1323 ‘nomenque
2097 1246 2117 1306 3
2198 1233 2344 1287 tres
2392 1211 2708 1315 primae

522 1334 621 1408 ad
689 1336 1013 1410 Brahma
1089 1335 1484 1439 pertinent
1513 1384 1558 1424 ‚.*
1625 1335 1821 1410 duae
1892 1336 2234 1436 reliquae
2301 1333 2397 1407 ad
2465 1363 2708 1409 mun-

418 1487 487 1526 21
523 1455 736 1534 dum.
838 1465 931 1535 In
979 1459 1317 1544 aethere,
1381 1479 1639 1550 vente,
1691 1461 1879 1561 igni,
1934 1486 2134 1564 aqua
2183 1480 2258 1536 et
2310 1475 2549 1573 terra,
2609 1458 2699 1530 in

523 1577 748 1668 divis,
784 1580 1246 1677 animalibus
1279 1601 1355 1657 et
1400 1581 1843 1654 hominibus
1879 1580 2239 1656 indivisae
2281 1598 2460 1653 sunt
2504 1607 2703 1681 qua-

526 1701 773 1777 litates
821 1702 1225 1791 existendi,
1297 1700 1680 1804 cogitandi
1730 1719 1805 1775 et
1852 1700 2268 1790 felicitatis,
2338 1699 2697 1775 dividun-

421 1854 498 1896 22
533 1841 661 1910 tur
710 1850 992 1898 nomen
1041 1845 1117 1899 et
1166 1825 1431 1899 forma.
1545 1829 1609 1898 A
1659 1824 1903 1898 tribus
1953 1823 2148 1897 duae
2202 1827 2377 1898 illae
2426 1852 2696 1901 consu-

524 1963 891 2038 muntur3
968 1947 1147 2020 trias
1198 1965 1455 2021 autem
1505 1947 1638 2020 illa
1684 1946 2089 2021 uniformis
2136 1966 2274 2030 est,
2347 1965 2500 2021 tota
2560 1948 2692 2021 in·

528 2085 784 2158 terna,
839 2069 1315 2171 cogitationis
1349 2070 1591 2146 forma
1630 2069 2009 2174 praedita,
2060 2071 2158 2144 ab
2198 2094 2454 2144 errore
2501 2071 2691 2143 libe-

425 2207 501 2267 αδ
530 2208 732 2274 rata,
781 2190 945 2265 sine
981 2192 1185 2266 falso.
1288 2193 1589 2269 Reiecto
1640 2192 1952 2266 nomine
1985 2211 2062 2266 et
2099 2192 2385 2279 forma,
2433 2193 2693 2266 animo

529 2309 614 2385 in
673 2338 805 2388 ens
889 2339 1333 2417 supremum
1418 2328 1775 2390 converso
1849 2313 2364 2389 meditationi*
2401 2320 2694 2418 semper

426 2453 503 2534 24
530 2462 770 2539 opera·
811 2435 1064 2512 danda
1114 2456 1254 2526 est,
1293 2436 1443 2511 sive
1477 2437 1562 2510 in
1599 2434 1825 2510 corde
1866 2463 1998 2511 seu
2041 2454 2270 2510 extra.
2347 2441 2440 2510 ln
2470 2433 2691 2510 corde

529 2557 804 2632 bifaria
877 2555 1271 2632 meditatio
1338 2563 1480 2631 est}
1577 2583 1755 2630 cum
1826 2582 2086 2630 errore
2150 2559 2555 2633 coniuncta
2615 2577 2692 2632 et

527 2679 690 2754 sine
738 2705 992 2755 errore
1009 2713 1035 2772 3
1118 2705 1316 2780 quae
1385 2705 1568 2753 cum
1620 2704 1877 2753 errore
1926 2679 2338 2755 coniuncta
2371 2659 2534 2771 est,
2602 2708 2686 2755 ea

336 2843 345 2858 .
427 2813 505 2876 25
531 2804 814 2876 iterum
868 2801 1194 2905 duplex:
1244 2802 1526 2876 visibili
1576 2822 1650 2878 et
1697 2828 1879 2877 sono
1930 2806 2277 2879 coercita.
2377 2802 2683 2908 Cupidi-

533 2944 641 3000 tas
689 2939 765 2998 et
815 2943 1150 2999 caeterae
1197 2924 1473 2998 mentis
1532 2924 1966 3001 affectiones
2027 2927 2481 3031 cogitatione
2532 2928 2688 3001 visi-

529 3044 719 3120 biles
765 3063 982 3139 sunt3
1051 3073 1388 3146 quarum
1446 3048 1645 3121 testis
1695 3048 1999 3122 animus
2051 3050 2386 3150 cogitans
2435 3050 2500 3123 si
2544 3075 2686 3122 me-

473 3167 482 3175 ’
531 3165 856 3257 ditetur,
931 3195 1018 3243 ea
1082 3189 1190 3244 est
1252 3170 1645 3245 meditatio
1712 3201 1888 3246 cum
1938 3201 2195 3247 errore
2244 3174 2677 3263 coniuncta,

429 3307 509 3370 26
530 3289 812 3364 visibili
864 3290 1209 3366 coercita.
1310 3294 1465 3393 Ego
1514 3319 1682 3365 sum
1730 3294 1892 3367 sine
1930 3293 2320 3386 desiderio,
2371 3297 2680 3399 qualita-
2755 3359 2758 3362 ,

533 3413 736 3486 tibus
787 3410 1192 3498 existendi,
1264 3413 1646 3513 cogitandi
1699 3434 1775 3489 et
1834 3416 2222 3503 felicitatis
2263 3418 2674 3523 praeditus,

530 3532 846 3639 propria
899 3534 1070 3606 luce
1119 3534 1557 3637 splendens,
1610 3564 1652 3610 a
1691 3535 1935 3639 dyade
1967 3538 2336 3614 liberatus
2370 3579 2460 3594 -—
2507 3542 2681 3616 eius*

531 3656 741 3730 modi
810 3655 1206 3732 meditatio
1274 3678 1382 3733 est
1447 3688 1625 3734 cum
1690 3685 1950 3734 errore
2013 3662 2461 3749 coniuncta,
2511 3665 2676 3741 Sono

427 3817 504 3880 27
533 3780 882 3855 coercita.
1030 3777 1428 3854 Meditatio
1511 3781 1672 3854 sine
1734 3804 1992 3854 errore
2058 3784 2308 3859 oritur
2371 3811 2420 3860 e
2475 3805 2678 3889 gustu

533 3903 828 4005 proprii
880 3903 1166 4007 saporis
1215 3905 1331 3996 (h.
1377 3930 1438 3978 e.
1487 3902 1746 4006 gaudii
1798 3903 2132 4001 interni)
2185 3910 2400 3984 nulla
2449 3911 2678 3985 visibi-

532 4027 625 4101 lis
692 4045 769 4101 et
829 4028 996 4103 soni
1067 4028 1366 4103 ratione
1433 4027 1745 4117 habita,
1831 4028 2056 4105 sicuti
2129 4034 2441 4108 lucerna
2508 4035 2674 4108 citra
