2964 4737
438 506 603 591 non
667 507 1138 604 invenitur);
1217 507 1582 585 exstitisse
1643 532 1820 582 vero
1887 523 2067 583 ante
2133 504 2270 580 hos
2334 502 2645 607 aphori-

438 658 643 713 smos
707 633 899 732 alios
967 629 1309 706 eiusdem
1362 628 1801 730 argumenti
1856 625 2124 730 et'per
2172 651 2247 700 se
2307 626 2648 709 veritatis

436 755 767 857 speciem
800 754 1069 838 habet,
1120 768 1377 854 neque
1425 753 1592 826 sine
1641 752 1990 854 exemplo
2042 768 2152 825 est
2206 749 2288 825 in
2328 749 2649 850 reliquis

438 874 979 982 philosophiae
1025 873 1320 949 scholis.
1423 875 1577 946 Fac
1601 869 2239 973 Bhagavadgitam
2291 869 2649 971 quinque

252 1096 257 1105 ¹
440 996 559 1071 vel
624 1016 965 1098 quatuor
1029 996 1298 1079 saltem
1361 993 1681 1101 saeculis
1744 1011 1927 1068 ante
1991 992 2335 1067 Sariraca
2368 993 2650 1065 -Sutra

333 1120 347 1132 ‘
440 1116 767 1225 editam,
852 1116 931 1191 h.
984 1142 1046 1190 e.
1122 1116 1391 1219 paullo
1459 1133 1641 1188 ante
1694 1113 2088 1188 Christum
2141 1141 2259 1202 n.,
2338 1112 2423 1186 in
2491 1138 2651 1213 qua

441 1264 694 1340 quum
743 1236 878 1313 alii
932 1235 1354 1340 aphorismi
1408 1235 1561 1309 iam
1612 1233 2055 1323 laudentur,
2109 1234 2322 1335 iique
2375 1261 2651 1334 magna

443 1358 904 1437 auctoritate
972 1355 1339 1462 praediti,
1425 1355 1730 1431 dudum
1813 1375 2023 1431 ante·
2058 1376 2361 1430 nostrae
2428 1382 2652 1430 aerae

441 1470 767 1557 initium
815 1480 1110 1554 librum
1147 1478 1243 1552 de
1274 1477 1783 1583 ‘philosophia
1802 1477 2655 1579 Vedantica'scriptum

443 1582 687 1675 fuissex
716 1601 1097 1701 sequitur.
1200 1594 1297 1674 In
1313 1598 1657 1675 Sariraca
1673 1644 1706 1656 -
1724 1599 1969 1674 Sutris
1994 1602 2177 1677 Pata
2189 1627 2231 1670 n
2239 1596 2409 1698 jalis
2458 1625 2653 1700 quo·

445 1747 602 1821 que
649 1719 1153 1795 enchiridion
1198 1721 1579 1821 tangitur,
1650 1749 1830 1796 cum
1882 1728 2041 1822 quo
2090 1720 2153 1796 si
2205 1720 2652 1822 coniungis,

445 1842 1070 1946 aphorismorum
1140 1842 1592 1944 scriptorem
1671 1835 1929 1943 ipsum
2008 1842 2655 1917 commentarium

448 1961 547 2039 de
594 1988 682 2036 eo
733 1959 1089 2050 edidisse,
1144 1963 1377 2038 etiam
1431 1963 1658 2037 illum
1713 1962 2009 2035 librum
2059 1960 2172 2055 ad,
2210 1963 2655 2064 antiquiora

329 2088 332 2090 ’
386 2182 391 2187 .
449 2103 798 2189 tempora
848 2084 1136 2163 referre
1185 2083 1590 2176 debemus,
1649 2084 1801 2185 'qui
1851 2081 2047 2157 adeo
2096 2085 2680 2186 Bhagavadgita·

448 2198 671 2310 prior
720 2231 871 2281 esse
919 2204 1251 2281 videtur.
1352 2207 1531 2280 Huc
1582 2206 1886 2283 faciunt
1923 2207 2074 2281 loci
2104 2207 2653 2309 aliquotBhag.

448 2331 597 2418 III,
653 2335 721 2405 ὅ.
773 2332 874 2417 V,
914 2335 985 2424 4.
1041 2325 1473 2431 (mythicus
1524 2328 1928 2433 Sankhyae
1982 2329 2343 2405 condi-tor
2394 2356 2661 2406 occur-

449 2450 558 2525 rit
605 2449 832 2553 Bhag.
869 2453 975 2540 X,
1030 2451 1219 2543 26.);
1289 2466 1367 2524 et
1414 2450 1478 2526 si
1545 2468 1751 2525 recte
1816 2450 2316 2556 perpenderis
2371 2454 2660 2554 Bhaga-

423 2570 799 2673 ,vadgitae
849 2569 1317 2662 doctrinam,
1395 2570 1524 2645 vix
1571 2569 1933 2647 dubitare
1984 2574 2305 2676 poteriS,
2357 2576 2658 2650 Sankh-

452 2720 632 2796 yam
695 2712 773 2768 et
831 2694 972 2795 qui
1040 2709 1251 2775 arcte
1313 2718 1494 2766 cum
1543 2718 1630 2767 ea
1689 2693 2080 2784 cohaeret,
2154 2698 2452 2797 Yogam
2503 2699 2659 2771 iam

423 2814 675 2918 vlibris
741 2815 1155 2917 explicatos
1221 2813 1448 2889 fuisse
1513 2832 1694 2889 ante
1742 2842 2013 2920 poema
2061 2816 2263 2891 illud
2317 2817 2659 2894 didacti-

451 2962 669 3025 cum,
722 2933 936 3038 quod
987 2938 1243 3040 primo
1297 2936 1581 3012 obtutu
1650 2938 1974 3041 simplex
2024 2962 2172 3014 esse
2224 2939 2530 3014 videtur
2579 2959 2661 3016 et

450 3056 716 3147 facile,
776 3056 909 3132 sed
971 3075 1233 3133 revera
1298 3057 1757 3134 intricatum
1805 3077 1916 3135 est
1970 3078 2046 3135 et
2109 3059 2659 3137 difficillimum

451 3198 772 3284 propter
821 3180 1214 3262 variorum
1277 3177 1723 3283 dogmatum
1777 3183 2200 3257 misturam.
2302 3181 2661 3284 Patanja—

449 3303 546 3380 lis
614 3328 794 3384 vero
855 3305 1390 3404 Yogasastram
1454 3302 1828 3406 posterius
1896 3323 2006 3382 est
2065 3307 2659 3397 Tattvasamasa,

452 3450 588 3507 seu
656 3424 871 3522 brevi
964 3424 1452 3500 enarratione
1531 3419 1933 3503 doctrinae
2010 3427 2527 3531 Sankhyicae,
2596 3429 2661 3505 si

456 3544 643 3628 fides
689 3544 1136 3623 scholiastae
1185 3572 1305 3648 ap.
1346 3547 1940 3622 Colebrookium
1991 3552 2252 3625 Trans.
2296 3556 2372 3634 Ι,
2424 3579 2512 3654 p..
2535 3577 2659 3625 122.

453 3668 1094 3742 Tattvasamasam
1173 3684 1432 3743 secuta
1502 3687 1689 3751 sunt
1755 3671 2328 3747 Panchasikhae
2394 3674 2662 3767 Sutras,

457 3787 751 3868 deinde
827 3786 1142 3866 demum
1226 3790 1586 3894 Sankhya
1615 3835 1650 3849 -
1689 3793 2262 3896 pravachanam
2352 3814 2431 3870 et
2509 3797 2666 3871 alia

457 3910 834 4008 eiusmodi
902 3937 1163 4015 opera.
1273 3916 1879 3989 Tattvasamasae
1945 3932 2024 3990 et
2087 3918 2677 3993 Panchasikhae·

456 4020 872 4118 §utrorum
903 4035 1330 4137 antiquitas
1367 4035 1599 4112 etiam
1640 4037 1789 4112 alia
1824 4038 2123 4120 ratione
2152 4038 2667 4119 demonstrari
