2964 4737
1195 314 1738 392 -125—

370 511 617 587 animi
692 513 1000 606 forma;
1087 514 1259 590 'talis
1334 514 1578 618 igitur
1661 513 2200 592 tantummodo
2274 514 2564 590 formae

368 632 683 736 adeptio
745 631 1270 728 admittenda3
1356 651 1436 710 et
1494 636 1604 710 sic
1663 635 2049 740 scriptura
2101 640 2245 713 ait:
2325 638 2468 725 ita,
2518 663 2565 711 o

375 757 612 843 male,
678 757 988 832 animus
1052 757 1187 831 ille
1252 784 1413 833 non
1485 759 1838 834 internus
1902 776 2046 849 est,
2102 787 2261 836 non
2328 778 2571 835 exter-

374 903 569 959 nus,
660 895 864 952 totus
950 905 1184 953 massa
1286 877 1892 975 intellectus“);
1985 899 2063 955 et
2150 880 2336 955 haec
2403 881 2570 955 sine

375 997 619 1072 dubio
663 1017 771 1073 est
813 1000 1078 1102 opinio
1125 1026 1297 1075 vere
1323 1001 1776 1076 Vedantica.
1876 1002 2086 1077 Deus
2126 1004 2336 1077 enim
2389 1003 2568 1105 ipse.

374 1119 634 1222 quoad
685 1123 1172 1226 omnipotens
1210 1142 1290 1198 et
1339 1124 1829 1213 omnisciens,
1882 1128 2108 1201 extra⁴
2141 1150 2218 1200 se
2267 1124 2573 1226 aliquid

376 1242 718 1342 agnoscit
769 1261 847 1317 et
897 1270 1055 1319 non
1108 1246 1341 1348 plane
1391 1245 1593 1321 liber
1640 1263 1795 1334 est;
1846 1245 2109 1348 quoad
2159 1272 2405 1350 purus
2454 1247 2574 1320 in-

377 1363 759 1452 tellectus,
826 1391 905 1441 se
972 1367 1228 1472 ipsum
1296 1387 1602 1445 tantum
1665 1370 1807 1445 scit
1875 1387 1956 1445 et
2019 1370 2419 1470 intelligit,
2495 1385 2574 1443 et

376 1511 555 1563 cum
606 1484 755 1562 hoc
807 1487 1083 1565 intimo
1147 1488 1575 1568 divinitatis
1636 1492 1996 1594 mysterio
2056 1491 2575 1592 cognoscentis

377 1609 686 1685 animus
754 1609 1141 1711 iungitur,
1220 1638 1474 1715 neque
1542 1638 1897 1715 unquam
1947 1612 2046 1687 ab
2095 1637 2185 1687 eo
2233 1610 2571 1714 separari

379 1749 645 1835 potest.
747 1734 956 1810 Haec
1028 1752 1284 1811 tamen
1359 1752 1531 1839 post
1608 1753 1976 1821 mortem,
2058 1760 2191 1810 seu
2259 1733 2344 1809 in
2407 1734 2575 1838 ipso

377 1857 647 1932 mortis
725 1877 1115 1934 momento
1190 1859 1560 1932 eveniunt
1577 1890 1598 1950 ;
1675 1856 2123 1959 quaeritur,
2206 1880 2406 1958 quae
2475 1854 2577 1930 sit

376 2004 551 2054 vere
595 1982 1120 2080 cognoscentis
1171 1979 1556 2069 conditio,
1606 1977 1797 2053 dum
1846 1978 2057 2055 vivit.
2157 1975 2577 2051 Liber-atio-

381 2124 559 2173 nem
610 2101 709 2172 ab
760 2102 1123 2174 omnibus
1159 2101 1498 2203 *peccatis
1564 2100 1978 2175 necessario
2028 2099 2384 2200 sequitur
2431 2124 2579 2202 pu·-

379 2219 565 2294 ritas
618 2218 1084 2306 intellectus,
1159 2245 1454 2293 summa
1505 2217 1862 2294 adversus
1912 2220 2170 2294 omnia
2221 2237 2574 2308 externa,

378 2366 580 2445 quae
676 2340 879 2416 nihil
954 2365 1104 2416 esse
1191 2356 1630 2446 putantur,
1718 2340 2081 2428 seclusio,
2170 2340 2577 2415 laetissima

380 2465 706 2541 unitatis
756 2464 1164 2560 (nondum
1220 2461 1587 2557 unionis)
1637 2489 1818 2538 cum
1868 2463 2034 2536 Deo
2085 2461 2574 2536 conscientia.

380 2588 696 2691 Optime
756 2586 971 2664 hunc
1031 2586 1274 2662 animi
1339 2604 1621 2662 statum
1674 2582 2073 2688 descripsit
2118 2580 2577 2657 Sadananda·

378 2706 785 2784 Vedantas.
844 2737 917 2813 p.
959 2737 1073 2808 27.
1124 2698 1909 2804 πξῆῦτξππσῐξῖᾱῇι
1998 2699 2576 2800 &wawar-

376 2824 1079 2928 εειῑατππῃῑειῑππιπ
1154 2827 2575 2974 πᾶαῖεπυπτζτπῑιπτππᾞῆτωπτ-

380 3559 2577 3662 ffirgmffimssrmwmrffiaumffimfflmffius-

380 3673 2576 3778 &afficmffffiwffiffimmmwffl

377 3793 2566 3900 uwffiawffiiwfflffafflstsfflffiwwrffiffim

383 3920 2576 4021 wafflfflaewfficirawzffimzmffl

381 4038 2051 4153 ςιᾶπῐῦῆΐέππτῑεῐῆππῐὲτεητπῑὲὶῑῆππιι
2127 4047 2577 4150 „Deinceps
