2964 4737
1195 314 1745 408 ...ὤρ-

386 506 676 585 dantas.
731 535 802 611 p.
847 533 920 605 9.
1024 505 1538 582 Consentiunt
1587 522 1847 583 autem
1894 505 1976 582 in
2031 505 2178 580 hac
2225 505 2577 581 doctrina
2670 561 2677 564 -

385 627 797 705 Vedantici
847 656 1026 703 cum
1057 629 1548 733 Sankhyici8‚
1605 631 1689 705 in
1738 657 1826 705 eo
1877 632 2128 706 solum
2179 630 2577 720 differunt,

381 751 598 855 quod
640 752 725 828 hi
774 774 1267 833 communem
1316 753 1672 828 omnium
1722 779 2188 854 organorum
2238 753 2580 828 activita-

388 893 540 951 tem
569 874 939 978 spiritum
986 893 1258 954 vocent
1294 873 1978 977 (quemadmodum
2014 873 2371 951 undecim
2408 902 2582 950 aves

382 1022 607 1075 eavea
665 997 1035 1081 inclusae
1117 997 1433 1099 quando
1509 997 1740 1074 simul
1831 997 2192 1089 evolant,
2276 1026 2581 1073 caveam

382 1147 639 1203 secum
689 1138 1043 1224 portant,
1097 1123 1206 1198 sic
1257 1119 1621 1197 undecim
1673 1149 1964 1224 organa
2004 1121 2236 1197 simul
2278 1121 2582 1223 agentia

383 1261 664 1347 corpus
733 1247 1046 1353 movent
1117 1264 1195 1321 et
1242 1245 1494 1321 vivere
1561 1245 1929 1340 faciunt),
2003 1244 2124 1319 illi
2175 1269 2353 1319 vero
2408 1270 2584 1349 pro·

383 1369 637 1471 priam
690 1369 761 1442 ei
814 1370 1281 1445 activitatem
1345 1370 1748 1473 assignent.
1848 1372 2149 1445 Ventus
2206 1392 2382 1443 vero
2432 1365 2584 1470 spi·

355 1488 582 1569 ‘ritus
633 1488 803 1569 ideo
867 1491 1121 1567 solum
1184 1491 1671 1594 appellatur,
1745 1489 1934 1594 quia
2002 1505 2226 1561 vento
2279 1487 2369 1559 in
2413 1511 2584 1559 cor-

381 1636 574 1717 pore
643 1612 992 1691 humano
1074 1611 1508 1717 respondet.
1636 1612 1922 1689 Omnia
2006 1609 2227 1685 haee:
2315 1607 2586 1686 decem

343 1759 675 1850 sensu&
705 1786 710 1789 -
742 1760 996 1826 mem,
1062 1736 1564 1841 quadruplici
1639 1735 1881 1811 modo
1937 1758 2199 1836 agens,
2262 1732 2581 1836 spiritus

382 1859 862 1963 quincuplex
907 1861 1181 1936 subtili
1236 1862 1481 1935 forma
1536 1857 1886 1964 praedita
1935 1874 2120 1932 sunt
2155 1878 2582 1957 eorumque

382 1981 824 2085 complexus
871 2003 983 2060 est
1030 2010 1307 2089 corpus
1352 1983 1677 2072 subtile,
1722 1979 1935 2084 quod
1973 1980 2056 2054 in
2105 1982 2586 2054 morte-cras·

381 2130 541 2179 sam
591 2105 1150 2181 elementorum
1203 2130 1647 2210 compagem
1683 2105 2100 2206 relinqui13
2158 2105 2250 2179 of.
2276 2103 2586 2179 vedan-

387 2242 516 2300 tas.
568 2251 643 2331 p.
676 2231 744 2301 8.
795 2249 961 2328 sqq.
1064 2223 1253 2315 Ideo
1302 2226 1536 2300 etiam
1578 2225 1662 2299 in
1702 2226 1870 2300 loco
1898 2225 2273 2299 Catbacae
2308 2248 2586 2343 corpus
2684 2298 2688 2303 ,

384 2364 794 2424 externum
857 2376 1136 2426 currus
1208 2349 1690 2455 appellatur,
1764 2347 1907 2450 qui
1956 2375 2002 2422 a
2070 2372 2399 2450 corpore
2446 2345 2582 2422 ino

381 2470 652 2547 subtili
701 2468 1032 2566 (mente,
1086 2472 1423 2567 ratione,
1472 2469 1850 2566 sensibus)
1903 2470 2216 2572 regitur.

583 2595 835 2672 Homo
898 2596 1043 2674 hac
1107 2595 1373 2673 indole
1441 2595 1833 2700 praeditus
1895 2593 2230 2669 durante
2275 2591 2429 2668 vita
2482 2590 2583 2665 ad

383 2713 520 2792 hos
569 2717 1055 2821 potissimum
1101 2738 1343 2806 status
1392 2718 1798 2824 pervenire
1848 2734 2130 2822 potest:
2186 2715 2583 2818 vigilandi,
2672 2801 2677 2805 ,

379 2839 818 2917 somniandi
889 2861 966 2918 ct
1031 2843 1417 2947 perfectae
1478 2840 1805 2944 quietis,
1892 2838 1987 2914 de
2056 2839 2346 2942 quibus
2382 2837 2584 2912 .vide

369 2980 734 3064 excerpta
783 2989 827 3035 e
874 2969 1249 3042 Sancarae
1300 2963 1852 3039 commentario
1904 2965 2079 3057 (ΙΙΙ,
2139 2990 2211 3053 2,
2281 2992 2338 3037 ι.
2387 2959 2581 3063 sqq.)

380 3082 662 3159 inserta
714 3085 919 3162 libro
972 3084 1215 3190 patris
1262 3085 1413 3157 mei
1466 3083 1872 3159 carissimi:
1923 3084 2117 3158 Hist·
2170 3082 2365 3186 phil.
2398 3088 2466 3171 1,
2513 3089 2581 3178 3.

380 3233 455 3308 p.
499 3214 705 3303 1413.
758 3234 956 3312 sqq„
1009 3210 1148 3285 ubi
1200 3209 1470 3284 multa·
1500 3233 1821 3311 quoque
1871 3206 2212 3283 invenies
2263 3203 2583 3281 devera

379 3325 829 3429 dogmatum
880 3330 1199 3406 illorum
1225 3328 1682 3407 Indicorum
1732 3319 2370 3434 interpretatione
2411 3355 2583 3436 per-

377 3475 615 3551 quam
668 3451 913 3526 utilia.
1018 3452 1256 3530 Addo
1291 3479 1576 3558 paucos
1623 3454 1825 3529 locos
1872 3480 1966 3528 ex
2014 3452 2185 3528 aliis
2208 3456 2585 3531 Sancarae

378 3573 763 3676 capitibus
826 3577 1124 3681 petitos.
1222 3580 1437 3653 Sanc.
1503 3580 1583 3650 Β.
1627 3581 1693 3654 S
1737 3583 1809 3668 I,
1888 3607 1954 3667 t,
2007 3605 2079 3677 9.
2136 3607 2208 3682 p.
2257 3586 2393 3654 23.
2438 3601 2585 3649 tm:-

297 3634 2586 3797 ‘wowffimusswezffivffiaqgaeffimss’ffisrffi.m

380 4070 546 4145 aar&
597 4096 610 4136 ι
676 4066 988 4158 „vivens
1036 4064 1339 4168 vigilat,
1388 4067 1450 4145 si
1500 4091 1865 4146 sensuum
1915 4070 2216 4147 obiecta
2265 4089 2585 4176 propter
