2964 4737
1296 300 1797 395 ...73-

456 481 644 578 acc.)
694 500 772 560 et
818 486 934 558 a&
982 484 1074 582 (c.
1123 485 1355 584 abt),
1400 489 1531 567 sed
1583 490 2064 594 postpositae.
2165 489 2387 571 cath.
2438 520 2514 600 p.
2568 525 2596 572 ι
2624 552 2647 587 ,

454 607 504 680 l.
551 632 668 679 20.
712 610 893 702 ῑπῐῗῐς
962 612 1144 686 Cen.
1196 638 1368 716 p-l·
1419 613 1472 687 l·
1507 619 1613 688 15.
1665 616 2030 700 πῆᾒῖῑπιζῐῇ
2082 641 2096 681 ⁸
2153 615 2376 690 cath.
2432 643 2647 720 pm,

456 728 512 802 l.
559 757 623 827 7.
669 734 931 815 επεπῐῡ
975 752 1255 819 affixum
1306 759 1319 800 ι
1387 753 1548 806 παῖ
1593 759 1775 810 cum
1824 737 1978 812 abl.
2027 736 2374 813 occurrit
2421 739 2647 815 Cath.

453 875 528 953 p·
562 850 646 934 5.
686 851 739 926 l.
775 858 915 944 :8.‚
963 853 1644 959 Chhandogy.VI,
1698 863 1805 948 8.‚
1869 856 2084 959 quod
2135 859 2413 950 affero,
2481 887 2649 938 nou

449 1000 609 1075 quo
659 974 757 1049 sit
821 974 1311 1075 antiquitatis
1378 976 1937 1066 testimonium,
2009 976 2142 1051 sed
2206 980 2650 1083 exemplum

446 1121 634 1171 ¹usus
688 1095 1021 1171 rarioris.
1124 1094 1626 1171 Rarissimum
1675 1117 1787 1174 est
1840 1102 2068 1194 πῑῇπξῒ
2116 1124 2296 1174 cum
2346 1128 2646 1180 accusa—

447 1216 628 1290 tivo.
731 1219 910 1293 Cen.
959 1244 1032 1320 p.
1075 1223 1150 1305 3,
1204 1217 1254 1290 l.
1296 1247 1406 1322 17.
1455 1216 2392 1320 ῑξῇείῆπῃῐῆεππιῑὲε-ηι

454 1424 459 1429 ,
644 1343 790 1421 Sed
843 1345 1074 1420 nimis
1122 1344 1266 1420 diu
1319 1345 1406 1420 in
1454 1343 1866 1420 afferendis
1916 1346 2395 1447 argumentis
2440 1373 2648 1423 com-

441 1484 787 1544 moratus
858 1496 1065 1559 sum,
1159 1465 1450 1571 quihus
1524 1464 1880 1569 indigent
1949 1468 2202 1543 solum
2268 1469 2373 1559 ii,
2461 1470 2642 1572 qui,

442 1589 696 1665 nescio
745 1616 983 1694 quam
1024 1591 1126 1666 ob
1158 1614 1536 1677 caussam,
1587 1613 1897 1663 omnem
1930 1586 2310 1663 Indorum
2343 1591 2644 1695 sapien-

445 1712 636 1788 tiam
681 1738 846 1789 sero
900 1730 1154 1788 ortam
1202 1735 1353 1787 esse
1402 1709 1838 1813 opinantur
1884 1708 2204 1812 eiusque
2250 1711 2542 1787 semina
2590 1739 2641 1788 a

442 1835 755 1910 Graecis
817 1852 1175 1910 mutuata
1248 1857 1401 1910 esse
1478 1829 1695 1905 haud
1776 1829 2097 1905 obscure
2181 1832 2641 1934 significant.

441 1954 662 2050 Quid
711 1981 932 2045 vero,
980 1955 1043 2029 si
1092 1980 1186 2027 ex
1235 1953 1400 2056 ipso
1429 1951 1713 2027 Manus
1760 1948 2058 2040 codice,
2109 1952 2330 2027 cuius
2378 1972 2643 2029 aucto-

439 2077 670 2154 ritate
722 2077 874 2152 iam
923 2104 1159 2180 supra
1211 2100 1394 2151 usus
1440 2099 1649 2162 sum,
1700 2070 1849 2149 loci
1902 2072 2232 2175 proferri
2283 2094 2639 2178 possunt,

440 2198 528 2272 in
579 2198 866 2298 quibus
917 2196 1013 2271 de
1062 2194 1421 2272 Vedanta
1467 2220 1718 2268 sermo
1767 2194 1924 2269 est?
1983 2195 2284 2270 Nomen
2329 2196 2639 2273 Vedan-

440 2337 564 2396 tae
615 2318 960 2396 occurrit
1006 2321 1216 2396 Man.
1247 2318 1397 2401 VI,
1451 2320 1570 2393 83.
1622 2332 1700 2389 et
1747 2321 1910 2413 94„
1960 2314 2244 2392 ultimo
2294 2318 2464 2395 loco
2516 2319 2678 2396 in·›

438 2442 868 2519 stitutionis
940 2438 1428 2517 scholasticae
1493 2436 1896 2537 vestigium
1948 2432 2634 2539 deprehendimus,

439 2590 606 2639 rem
653 2563 1159 2666 significatam
1208 2558 1557 2633 videmus
1602 2560 1810 2631 Man.
1829 2559 2011 2647 XII,
2066 2558 2225 2649 85„
2277 2563 2414 2636 ubi
2455 2564 2638 2638 Cul-

440 2688 619 2762 luca
708 2711 969 2761 vocem
1056 2686 1316 2754 W
1391 2705 1534 2783 per
1606 2672 2212 2779 ffiugffiwtrmwir
2280 2684 2635 2787 explicat.
2695 2669 2696 2672 Ἴ

438 2808 791 2885 Methodi
841 2805 1132 2906 logicae
1182 2800 1774 2905 descriptionem
1846 2803 2166 2904 praebet
2215 2803 2423 2881 idem
2473 2809 2638 2882 Ma·-

442 2956 593 3005 nus
643 2929 744 3002 ib.
796 2927 991 3016 105..
1060 2925 1202 3001 ubi
1273 2923 1603 3028 triplicis
1670 2920 2245 3001 demonstrandi
2314 2929 2637 3005 rationis

442 3050 736 3125 mentio
787 3048 1180 3139 iniicitur,
1230 3045 1486 3148 qualis
1531 3047 1931 3122 aGotama
1983 3047 2408 3150 ceterisque
2460 3050 2636 3153 phi-

440 3169 782 3276 losophis
825 3169 1145 3246 definita
1195 3186 1327 3243 est.
1429 3167 1859 3244 Coniuncta
1910 3184 2077 3244 erat
2123 3157 2335 3244 enim
2388 3172 2634 3274 logica

440 3324 624 3371 cum
687 3292 1179 3399 philosophia
1227 3289 1697 3379 Vedantica,
1778 3317 1981 3394 quae
2047 3292 2213 3366 eius
2275 3291 2635 3367 formulis

441 3443 743 3521 semper
793 3416 1085 3508 utitur;
1151 3431 1387 3515 atque
1437 3411 1628 3487 hinc
1704 3413 2069 3518 explicari
2135 3433 2422 3517 potest,
2489 3441 2635 3490 cur

445 3564 834 3639 nusquam
904 3538 1170 3638 Nyaya
1234 3561 1280 3610 a
1346 3533 1796 3612 Vedanticis
1868 3535 2409 3640 impugnetur,
2491 3536 2635 3640 qui

444 3676 693 3733 cetera
723 3675 1122 3761 systemata
1153 3657 1584 3761 saepissime
1617 3658 1957 3735 refutare
1990 3661 2372 3738 studeant.
2434 3664 2637 3765 Nya-

438 3808 618 3885 yam
665 3779 963 3883 quippe
1021 3803 1245 3853 verae
1302 3778 1764 3881 cognitionis
1823 3781 2042 3882 quasi
2093 3782 2638 3888 propaedeuti-

440 3930 611 3978 cam
674 3897 1074 4001 quandam
1138 3917 1442 4003 partem
1515 3924 1667 3974 esse
1746 3901 2167 4003 putabant,
2246 3923 2331 3981 at
2399 3907 2636 4008 plane

440 4040 872 4129 separatam
919 4047 966 4097 a
1015 4018 1370 4097 doctrina
1421 4020 1869 4113 atomistica,
1922 4049 2124 4125 quae
2173 4030 2631 4130 posteriore,
