2964 4737
380 480 810 576 (Transact.
854 484 965 572 11,
1010 508 1087 585 p.
1126 476 1305 579 39.),
1377 478 1867 582 peritissimus
1916 480 1998 554 in
2053 480 2276 554 rebus
2340 480 2531 555 eius-

385 602 594 679 modi
644 601 890 678 iudex.
988 604 1102 677 Ex
1159 628 1323 677 mea
1391 601 1627 704 igitur
1688 601 2066 689 sententia
2133 618 2352 704 poeta
2400 602 2532 674 ille

383 727 682 801 saeculo
770 724 1179 801 undecimo
1254 725 1369 799 vel
1445 722 1897 801 duodecimo
1980 722 2236 799 drama
2310 748 2537 798 suum

384 844 685 953 scripsit
733 841 800 941 h)
819 879 843 942 ;
889 845 1099 950 quod
1133 846 1195 921 si
1229 869 1495 922 verum
1531 864 1675 935 est,
1726 848 2242 922 coniecturam
2290 870 2537 921 meam

626 1040 631 1047 ι

473 1153 547 1231 h)
590 1155 685 1215 De
728 1132 868 1237 rege
908 1154 1001 1215 Sri
1043 1152 1566 1231 Cirti-Varmane‚
1606 1154 1710 1235 qui
1755 1154 1816 1212 in
1862 1150 2108 1235 prologo
2151 1151 2389 1212 fabulae
2431 1173 2542 1212 no-

640 1263 928 1339 minatur,
974 1262 1176 1322 omnia
1217 1262 1440 1322 ineerta
1481 1272 1664 1339 sunt3
1708 1282 2068 1342 magnopere
2110 1258 2347 1334 dubito,
2372 1268 2546 1315 'num

639 1369 934 1447 pertineat
972 1367 1051 1428 ad
1086 1369 1463 1429 Varmanum
1509 1367 1838 1446 familiam,
1904 1367 1981 1426 de
2019 1389 2139 1448 qua
2185 1365 2373 1425 fusius
2414 1383 2547 1444 ege·

640 1482 782 1530 runt
807 1472 1038 1533 'l'odius
1078 1469 1600 1532 et'Colebrookius
1640 1472 1981 1548 (Transact.
2025 1471 2093 1549 1,
2126 1492 2165 1551 p
2212 1471 2551 1552 250.sqq.).

526 1600 531 1603 ⁴
642 1578 837 1660 Magis
865 1578 1176 1659 probabile
1208 1577 1395 1656 foret,
1447 1577 1997 1659 cisti-Varrnancm
2017 1620 2035 1648 ‚
2087 1579 2192 1656 qui
2238 1577 2299 1636 in
2340 1577 2551 1636 inscri-

641 1688 847 1767 ptione
888 1685 1150 1768 quadam
1190 1685 1349 1768 apud
1372 1684 1722 1746 Wilsonum
1768 1685 1895 1760 (As.
1928 1685 2066 1745 Res.
2082 1684 2230 1745 XVI
2256 1729 2275 1764 ,
2306 1706 2366 1766 p.
2385 1682 2557 1767 295..)
2603 1699 2614 1705 “

644 1776 905 1855 occurrit
921 1838 939 1868 ‚
983 1804 1195 1874 poetae
1236 1795 1427 1854 nostri
1470 1793 1764 1854 fautorem
1811 1794 2011 1854 fuisse.
2091 1793 2414 1879 Inscriptio⁸
2453 1789 2556 1850 illa

644 1921 807 1960 anno
872 1900 1026 1962 1286
1085 1901 1440 1960 concinnata
1502 1910 1627 1974 est,
1691 1912 1979 1982 regnante
2018 1898 2555 1977 Samara-siaha,

643 2007 748 2088 qui
792 2005 1141 2066 undecimus
1181 2016 1325 2086 post'
1354 2004 1931 2067 Cirti-Varmanem
1976 2007 2342 2089 perhibetur.
2426 2007 2557 2067 Sci-

614 2134 782 2173 ‘mus
828 2121 1027 2171 autem
1068 2130 1139 2170 ex
1185 2109 1304 2170 alio
1347 2122 1736 2173 monumento
1777 2116 2058 2194 quintum
2099 2113 2561 2174 Cirti-Varma-

649 2219 745 2276 nis
786 2237 1178 2276 successorem
1223 2239 1279 2283 a.
1337 2238 1488 2299 ¹2⁰9
1527 2219 1782 2294 vixisse3
1828 2220 1944 2278 iam
1988 2218 2036 2278 si
2070 2218 2258 2278 cuivis
2306 2228 2565 2300 quatuor

649 2323 921 2404 priorum
952 2322 1164 2403 viginti
1204 2314 1398 2383 annos
1450 2322 1669 2383 tribuis
1689 2364 1709 2397 ,
1770 2322 1923 2382 Cirti
1945 2353 1981 2371 -
2001 2322 2364 2384 Varrnanem
2406 2344 2566 2385 anno

661 2430 812 2491 1130
874 2425 1141 2489 floruisse
1196 2430 1582 2509 consequitur
1604 2472 1627 2507 ,
1683 2415 1850 2510 q'uod
1893 2426 2069 2508 plane
2102 2429 2381 2509 congruit
2426 2449 2567 2491 cum

654 2538 995 2597 coniectura
1052 2556 1181 2595 mea
1226 2533 1303 2593 de
1359 2534 1648 2595 dramatis
1701 2542 1915 2595 aetate.
1996 2533 2133 2600 Hoc
2179 2554 2369 2594 unum
2419 2535 2568 2596 mihi

649 2641 891 2703 obstare
931 2642 1208 2719 videtur,
1240 2673 1245 2678 ·
1272 2641 1434 2724 quod
1489 2651 1665 2723 poeta
1704 2641 2106 2702 Varanasiam
2145 2644 2378 2726 saepius
2421 2643 2569 2703 insi-

657 2751 758 2831 gni
800 2752 1068 2810 encomio
1109 2760 1285 2810 ornat
1331 2754 1427 2831 (p.
1471 2748 1571 2815 56.
1615 2750 1735 2832 sq.)
1768 2752 1799 2828 ‚⁸
1847 2751 2075 2811 etiamsi
2119 2751 2343 2811 ibidem
2391 2754 2570 2812 etiam

656 2854 1058 2935 hypocrisiam
1104 2854 1379 2917 habitare
1435 2856 1611 2918 faciat
1653 2860 1746 2939 (p.
1796 2864 1956 2937 10.);
2014 2857 2378 2921 Varanasiae
2418 2862 2574 2921 ratio

655 2982 797 3020 cnm
842 2961 1204 3022 revelatione
1251 2962 1570 3022 coniuncta
1611 2964 1674 3021 in
1731 2982 1985 3043 regnum
2026 2955 2202 3023 suum
2242 2965 2575 3025 restituitur

661 3067 821 3144 (fab.
866 3067 1054 3150 fin.)=
1108 3089 1264 3150 quae
1303 3089 1415 3129 nos
1462 3068 1748 3130 inducere
1782 3079 2072 3150 possunt,
2118 3080 2187 3129 ut
2222 3072 2573 3152 scriptorem

659 3174 722 3236 in
787 3171 895 3236 illa
966 3175 1207 3255 regione
1265 3184 1476 3236 uatum
1538 3194 1664 3236 esse
1732 3183 2029 3256 putemus.
2145 3172 2401 3234 Utinam
2465 3196 2577 3257 po-

655 3281 900 3341 tuissem
956 3279 1166 3352 drama
1222 3280 1725 3362 elegantissimum
1767 3282 1832 3340 in
1870 3280 2175 3344 Sanscrito
2231 3278 2578 3364 perlegere3

627 3465 641 3480 ς
660 3386 908 3468 praebet
943 3388 1105 3446 enim
1157 3407 1280 3447 non
1319 3386 1517 3448 solum
1557 3398 1894 3450 accuratam
1916 3385 2388 3448 Vedauticorum
2428 3388 2577 3472 dog-

645 3489 892 3551 'matum
954 3490 1449 3574 descriptionem,
1512 3493 1616 3555 sed
1669 3495 1848 3554 etiam
1908 3492 2097 3554 multa
2146 3503 2208 3554 et
2257 3494 2463 3575 gravia
2501 3494 2580 3557 de

660 3598 908 3679 reliquis
969 3599 1144 3658 sectis
1206 3600 1567 3660 testimonia.
1653 3598 1861 3660 Simile
1925 3599 2133 3660 drama
2193 3610 2284 3661 est
2325 3598 2580 3663 Sancal-

666 3705 1081 3787 pasuryodaya
1127 3704 1403 3783 (Wilson
1438 3706 1781 3770 Mackenzie
1822 3703 1975 3768 Coll.
2010 3706 2073 3784 1,
2114 3727 2175 3787 p.
2228 3708 2379 3784 ιῐο.)
2430 3711 2582 3771 scri-

664 3821 833 3892 ptum
892 3823 1164 3895 tempore
1222 3810 1823 3896 Madhavacharyae,
1882 3812 2034 3874 h.'e.
2091 3811 2291 3876 medio
2344 3816 2580 3878 saeculo

664 3919 898 3980 decimo
963 3931 1181 4003 quarto
1208 3967 1227 4003 ‚
1295 3923 1375 3982 ita
1432 3932 1501 3983 u't
1560 3931 1800 3984 nostrae
1853 3919 2091 3983 fabulae
2146 3921 2400 3983 imitatio
2455 3942 2579 3982 esse

665 4025 959 4094 videatur.
