2964 4737
1325 352 1761 408 ...χ-

463 581 890 638 accuratam
924 563 1433 663 cognitionem
1470 589 1644 635 cum
1688 581 1849 637 arte
1889 563 2406 667 hippocratica
2446 591 2623 639 con·

463 702 843 802 iungeret,
900 699 1159 772 nescio.
1266 700 1516 792 Quam
1558 699 2061 772 multaetiam
2109 699 2189 771 in
2242 697 2384 772 hoc
2436 726 2624 800 opu-

460 842 668 914 sculo
720 836 1244 914 consilio'eius
1314 853 1628 937 paterno
1681 855 1754 909 et
1819 835 2284 937 quotidianis
2331 862 2624 910 sermo-

462 980 690 1053 nibus
776 977 1128 1061 debeam,
1218 990 1570 1049 en'arrare
1663 977 1975 1077 longum
2055 995 2179 1050 est.
2314 974 2630 1046 Utinam

463 1112 668 1189 docti
757 1114 984 1188 etiam
1069 1114 1147 1191 in
1225 1112 1602 1185 bonarum
1677 1112 2103 1186 litterarum
2175 1110 2426 1186 studio
2503 1137 2622 1185 me

461 1254 630 1347 eius,
675 1254 922 1328 filium
973 1256 1413 1353 agnoscant!

655 1392 796 1467 Sed
849 1392 1001 1465 iam
1053 1389 1146 1462 de
1194 1387 1545 1463 subsidiis
1581 1389 1773 1463 ratio
1812 1386 2195 1497 reddenda
2232 1403 2370 1474 est,
2423 1409 2619 1488 quae

463 1523 545 1595 in
595 1520 741 1591 hoc
790 1516 1051 1590 libello
1105 1525 1652 1587 conscribendo
1723 1524 2246 1602 adhibuerim,
2313 1553 2400 1597 ac
2451 1525 2616 1622 pri·

462 1684 678 1730 mum
727 1650 1040 1755 quidem
1092 1650 1187 1723 de
1238 1651 1602 1753 opusculo
1658 1649 2183 1753 philosophico
2237 1653 2319 1724 in
2372 1651 2632 1727 fronte

463 1792 730 1896 posito.
829 1791 1116 1890 Nempe
1166 1789 1590 1873 Lassenius,
1665 1788 1782 1860 vir
1829 1789 2237 1863 acutissimi
2293 1790 2625 1890 ingenii,

466 1929 818 2028 magister
904 1951 1113 1999 meus
1189 1925 1970 2013 benevolentissimus,
2069 1922 2256 2000 dum
2326 1928 2628 2001 Parisiis

466 2064 1109 2151 commorabatur,
1175 2061 1564 2166 descripsit
1632 2060 1829 2135 illud
1882 2062 1965 2138 in
2025 2090 2250 2138 suum
2313 2091 2534 2138 usum
2587 2089 2629 2136 e

469 2201 742 2278 Codice
793 2204 1187 2304 Bengalico
1239 2205 1367 2277 Nr.
1413 2193 1592 2298 159‚'
1665 2202 1802 2275 ubi
1866 2223 2202 2304 quatuor
2268 2204 2447 2279 folia
2499 2205 2630 2278 ob-

468 2342 695 2445 longa
761 2343 1029 2446 explet,
1130 2342 1490 2419 Versibus
1563 2343 2005 2447 interposita
2079 2365 2258 2421 sunt
2313 2346 2627 2434 scholia,

469 2509 805 2583 quorum
854 2509 1052 2583 quae
1115 2482 1211 2557 ad
1275 2481 1835 2587 explanandam
1894 2486 2281 2585 scriptoris
2335 2503 2629 2557 senten-

474 2620 660 2693 tiam
711 2617 1008 2719 aliquid
1055 2619 1298 2692 facere
1343 2617 1820 2704 viderentur,
1874 2620 2414 2694 commentario
2462 2647 2625 2696 meo

472 2758 782 2833 inserui.
893 2758 990 2829 Ut
1070 2774 1325 2829 autem
1403 2754 1678 2830 edendi
1769 2756 1930 2828 eius
2008 2759 2364 2859 poematii
2434 2761 2625 2835 mihi

473 2889 745 2971 auctor
791 2893 944 2967 fuit
992 2893 1410 2981 Lassenius,
1460 2894 1563 2967 sic
1611 2893 1931 2996 suscepti
1987 2896 2233 2998 operis
2280 2899 2630 2973 sollertis-

473 3038 705 3111 simus
751 3033 1079 3107 adiutor.
1181 3033 1476 3106 Vellem
1545 3032 1877 3134 profecto
1945 3059 2065 3105 me
2131 3034 2196 3106 ei
2265 3035 2626 3137 quodam-

478 3170 704 3247 modo
756 3169 1179 3271 significare
1229 3196 1465 3274 posse,
1516 3189 1987 3274 quantopere
2035 3197 2154 3244 me
2203 3157 2365 3248 eius
2413 3175 2632 3248 bene-

478 3312 667 3387 ficiis
726 3312 1172 3387 obstrictum
1236 3310 1552 3384 sentiam
1571 3343 1590 3402 3
1656 3309 1812 3413 ipse
1860 3312 2067 3387 enim
2120 3339 2414 3387 mecum
2467 3313 2629 3416 phi-

477 3449 864 3553 losophiae
912 3449 1219 3524 Indicae
1269 3449 1839 3551 labyrinthum,
1918 3452 2069 3525 iam
2121 3452 2419 3555 pridem
2468 3483 2510 3527 a
2558 3480 2628 3528 se

477 3607 1006 3693 peragratum,
1088 3587 1340 3664 denuo
1421 3590 1784 3692 ingressus
1850 3611 1958 3667 est
2020 3611 2097 3666 et
2165 3621 2323 3668 non
2387 3597 2629 3670 solum

479 3729 665 3803 meis
737 3729 1129 3804 laboribus
1214 3729 1539 3831 benigne
1598 3757 1819 3834 opem
1894 3731 2104 3813 tulit,
2175 3731 2302 3806 sed
2373 3736 2628 3810 sumsit

480 3867 623 3940 sibi
667 3869 927 3954 etiam,
984 3887 1070 3941 ut
1127 3869 1279 3969 ipse
1330 3894 1462 3942 suo
1517 3869 1703 3942 mihi
1759 3870 2099 3972 exemplo
2146 3874 2627 3972 praeluceret,

484 4008 736 4082 locum
785 4008 1301 4108 gravissimum
1342 4033 1381 4079 e
1421 4007 1895 4110 philosophia
1928 4009 2423 4087 Brahmanica
2465 4013 2631 4086 illu-
