2964 4737
1188 310 1734 406 -115--3

366 523 652 614 scitur,
714 540 809 602 ut
871 549 934 601 e.
986 552 1054 628 g.
1121 527 1623 628 grammatica
1673 554 1718 602 a
1767 523 2096 612 Panine,
2165 522 2227 600 is
2290 520 2567 601 maiori

367 644 815 746 cognitione
879 648 1173 751 pollere
1240 647 1471 748 vulgo
1537 645 1923 734 creditur,
1997 644 2292 722 etiamsi
2370 669 2569 749 opuo

368 766 573 842 illud
620 769 1089 869 singularem
1140 769 1540 871 quandam
1587 796 1751 844 rem
1803 785 2098 844 tractet.
2197 769 2377 864 Quo
2410 792 2570 841 ma·

369 887 519 965 iori
573 890 818 992 igitur
869 891 1038 965 iure
1089 889 1243 965 dici
1297 907 1584 995 potest:
1635 890 1838 966 liber
1890 890 2022 964 ille
2055 887 2382 989 Rigveda
2423 905 2567 963 etc.

366 1030 905 1114 nuncupatus,
979 1013 1065 1084 in
1133 1007 1414 1088 multas
1476 1010 1801 1086 diversas
1853 1011 2326 1084 recensiones
2374 1007 2570 1083 divi-

364 1156 522 1213 sus,
573 1131 716 1232 qui
768 1158 1025 1206 caussa
1075 1150 1187 1206 est
1235 1129 1807 1205 distributionis
1859 1130 2222 1220 deorum,
2274 1130 2568 1205 anima-

365 1237 599 1337 lium,
653 1253 1100 1342 hominum,
1151 1255 1536 1354 gentium,
1588 1250 1959 1326 ordinum
1997 1270 2138 1327 etc.
2175 1273 2253 1328 et
2298 1250 2566 1328 fodina

363 1377 615 1450 omnis
664 1375 1160 1476 cognitionis,
1213 1401 1257 1449 a
1291 1399 1451 1476 quo
1485 1393 1766 1474 magno
1795 1390 2009 1460 ente,
2064 1371 2289 1475 quasi
2323 1370 2564 1465 fonte,

363 1496 529 1571 sine
601 1497 767 1571 ullo
820 1495 1083 1570 labore
1136 1512 1215 1570 et
1282 1495 1496 1570 lusus
1558 1492 1845 1583 instar,
1917 1510 2012 1567 ut
2060 1491 2399 1567 hominis
2448 1515 2566 1566 re-

362 1615 717 1718 spiratio,
787 1614 1310 1718 proflciscitur
1375 1611 1847 1709 (secundum
1911 1613 2173 1691 locum
2219 1639 2274 1688 s.
2327 1614 2564 1690 libro-

364 1760 584 1812 rumz
659 1737 759 1811 ab
814 1740 950 1812 illo
1024 1763 1301 1838 magno
1352 1755 1531 1813 ente
1595 1737 1929 1839 spiratus
1977 1755 2090 1811 est
2141 1733 2470 1837 Rigveda
2493 1733 2560 1829 ),

360 1857 527 1933 eius
593 1859 850 1961 magni
922 1861 1120 1936 entis
1188 1859 1821 1963 incomparabilis
1868 1876 1979 1933 est
2026 1857 2563 1933 omniscientia

360 1998 442 2056 et
488 1981 1106 2085 omnipotentia“
1153 1975 1540 2074 (ετὲῑτᾶῑ-εωῑπ
1595 2011 1607 2052 ι
1660 2003 1819 2055 πᾶσι
1870 1978 2299 2058 secundum
2348 1978 2562 2056 Wil-

359 2126 639 2174 sonum
689 2102 778 2175 in
840 2102 1277 2204 compositis
1325 2101 1562 2178 babet
1604 2100 2242 2204 significationem
2288 2100 2562 2177 simili-

366 2219 681 2298 tudinis.
784 2221 1119 2315 Observa
1167 2223 1484 2297 Paninis
1536 2225 2047 2312 mentionem,
2130 2251 2334 2326 quae
2381 2251 2561 2328 pro-

360 2343 498 2420 bat
565 2370 924 2445 magnam
998 2342 1163 2417 eius
1232 2344 1740 2438 vetustatem).
1808 2381 1815 2388 ’
1874 2349 2149 2447 Itaque
2223 2347 2558 2424 Brahma

361 2466 620 2569 ipsum
700 2491 853 2540 sese
918 2465 1203 2540 revelat
1271 2490 1504 2567 seque
1574 2464 1803 2540 sacris
1870 2464 2092 2539 libris
2156 2469 2558 2569 cognitum

357 2586 581 2680 facit3
637 2588 818 2663 libri
876 2609 1130 2664 tamen
1181 2616 1342 2663 non
1396 2588 1993 2690 intelliguntur,
2048 2587 2196 2664 nisi
2250 2591 2558 2664 animus

358 2707 749 2785 humanus
792 2727 1188 2813 *purgatus
1233 2709 1334 2784 sit
1380 2710 1479 2782 ab
1531 2707 1892 2782 omnibus
1953 2706 2372 2783 mundanis
2419 2707 2558 2782 de-

351 2830 687 2921 sideriis,
744 2834 1170 2908 illustratus
1218 2832 1392 2905 luce
1442 2831 1706 2907 divina
1758 2827 1980 2925 (hinc
2027 2832 2166 2932 qui
2221 2831 2554 2936 Brabma

353 2956 529 3044 scit,
582 2957 817 3029 etiam
868 2955 1142 3029 faciem
1188 2953 1579 3028 lucentem
1611 2955 1898 3029 babere
1929 2953 2222 3030 dicitur
2242 2934 2605 3029 Chban-⁹

356 3074 728 3178 dogy.IV,
782 3104 851 3176 9.
904 3096 982 3153 et
1041 3083 1153 3170 ι4.
1202 3078 1437 3164 W
1481 3097 1576 3174 ξεῖ
1618 3073 1763 3146 ’.ᾗ-επ
1810 3069 1857 3144 ἢ
1902 3080 2007 3169 gt&
2052 3074 2258 3171 ”fik
2312 3078 2552 3154 immo

352 3221 566 3272 mera
616 3223 888 3274 eorum
938 3197 1169 3273 lectio
1221 3199 1334 3272 nil
1388 3198 1718 3302 proficit,
1772 3221 1872 3269 ne
1921 3194 2187 3269 adiuta
2229 3194 2557 3296 quidem.

351 3319 691 3420 magistri
761 3319 1268 3395 institutione.
1370 3315 2045 3421 Deprehendimus
2109 3334 2373 3392 autem
2422 3315 2555 3391 bic

354 3442 591 3515 totius
656 3437 1058 3514 doctrinae
1111 3438 1586 3515 Vedanticae
1651 3438 2097 3532 cardinem;
2188 3436 2272 3511 id
2337 3437 2554 3514 enim

352 3560 635 3638 docent
669 3562 1011 3700 magistri
1050 3561 1338 3652 Indici,
1388 3563 1647 3638 Deum
1681 3562 1962 3690 eligere
1996 3588 2148 3653 eos,
2183 3589 2223 3636 a
2262 3561 2552 3662 quibus

348 3708 428 3759 se
476 3683 828 3785 cognosci
877 3684 1145 3788 cupiat
1190 3711 1540 3787 quosque
1588 3657 1953 3760 reducere
2003 3685 2192 3760 velit
2239 3685 2338 3760 ad
2380 3711 2551 3788 per-

349 3824 667 3910 petuam
715 3830 973 3881 secum
1023 3807 1428 3882 unitatem
1535 3810 1781 3882 Locus
1830 3805 2328 3900 Caushitaci-
2293 3809 2552 3909 -Upa-

351 3925 693 4004 nishadis
737 3954 858 4030 ap.
909 3929 1122 4004 Sanc.
1180 3930 1260 4001 B.
1304 3933 1374 4004 S.
1412 3930 1523 4018 II,
1590 3956 1661 4017 ι,
1715 3935 1832 4023 54.
1887 3926 2174 4032 p.155,
2228 3931 2279 4003 Ι.
2314 3935 2383 4022 4.
2460 3946 2551 4022 ΕΠ

348 4041 1166 4147 ᾑεεπξεεὲτεπτζττῆὴ
1228 4043 1409 4123 aaz&
1472 4043 1686 4124 εῆἂῡπ
1749 4044 2248 4149 Ξῇτῆῑιὲτρπε
2315 4066 2549 4146 quma

2039 4175 2089 4246 8
