2964 4737
1359 327 1857 407 ...53-

509 529 810 631 quitate
862 552 1091 605 nemo
1161 511 1521 606 dubitare
1582 527 1903 632 poterit3
1976 525 2716 632 sicChhandogya,

509 650 1322 754 Vrihadaranyacum‚
1384 653 1954 754 Aitareyacum,
2028 648 2504 742 Caushitaci,
2560 658 2718 727 Isa-

508 797 850 873 vasyam,
901 772 1424 863 Ceneshitam,
1489 773 1736 860 aliae,
1802 796 2004 874 quae
2056 772 2417 876 inprimis
2467 801 2510 849 a
2558 778 2718 850 Ves-

507 894 817 969 dantica
882 893 1144 970 schola
1208 895 1669 996 legebantur
1730 912 1808 968 et
1878 894 2486 998 explicabantur.
2616 895 2719 971 Id

506 1017 750 1115 igitur
798 1043 942 1119 pro
1011 1034 1220 1091 certo
1286 1017 1571 1091 habere
1623 1038 2057 1119 possumus,
2134 1015 2709 1119 Upanishades,

501 1140 1015 1245 praecipuum
1052 1140 1591 1244 philosophiae
1615 1137 2091 1217 Vcdanticae
2125 1139 2442 1229 fontem,
2480 1141 2713 1243 longe·

500 1280 683 1337 ante
710 1265 1039 1338 Manum
1086 1260 1407 1367 scriptas
1454 1281 1535 1339 et
1577 1289 1628 1336 a
1678 1263 2056 1364 magistris
2108 1263 2507 1368 discipulis
2557 1282 2711 1341 tra-

502 1382 700 1459 ditas
749 1384 1015 1476 fnisse,
1087 1383 1303 1488 quod
1371 1378 1607 1459 etiam
1657 1384 1987 1458 internis
2036 1386 2510 1482 argumentis
2561 1385 2709 1460 ‹le-³

499 1509 917 1583 monstrari
968 1522 1235 1612 potest·
1335 1503 1699 1610 significo
1739 1526 2001 1584 autem
2037 1508 2328 1611 partim
2366 1510 2706 1611 peculia-

499 1656 620 1706 res
666 1631 1039 1733 quasdam
1087 1631 1311 1707 metri
1368 1632 1757 1720 licentias,
1810 1629 2100 1734 partim
2152 1630 2525 1732 loquendi
2579 1648 2702 1734 ge⁴

496 1779 647 1828 nus
684 1772 761 1828 et
794 1755 1165 1830 obsoletas
1190 1753 1755 1829 vocabulorum
1791 1752 2094 1834 formas,
2145 1750 2348 1854 quae
2382 1752 2463 1826 in
2497 1755 2698 1856 Upa—

495 1872 961 1951 nishadibus.
1000 1894 1445 1949 occurrunt.
1545 1870 2221 1978 Deprehendimus
2263 1873 2558 1977 quippe
2611 1875 2695 1950 in

493 1999 899 2074 nonnullis
952 2016 1428 2074 tractatuum
1503 1994 1822 2073 illorum
1873 1998 2373 2100 mysticorum
2435 1998 2696 2071 metri-

491 2147 616 2196 cas
662 2118 1298 2225 compositiones,
1340 2119 1815 2195 intermixtis
1865 2118 2228 2224 pluribus
2273 2117 2698 2206 sententiis,

491 2268 694 2346 quae
743 2242 843 2319 ad
894 2238 1258 2319 metr-icae
1322 2268 1679 2319 normam
1733 2240 2078 2319 revocari
2131 2266 2293 2318 notu
2349 2261 2690 2345 possunt.

406 2443 411 2448 .
487 2370 599 2444 Ea
652 2386 911 2444 tamen
964 2370 1129 2472 lege
1178 2391 1435 2444 versus
1484 2386 1564 2443 et
1613 2390 1912 2473 prosam
1983 2368 2411 2444 orationem
2465 2365 2692 2442 alter-

488 2518 769 2569 navere
821 2491 1413 2595 Upanishadum
1464 2489 1909 2595 scriptores,
1962 2508 2091 2578 ut,
2143 2513 2346 2592 quae
2391 2488 2691 2592 simpli⁴

486 2614 680 2691 citer
744 2636 1205 2707 narrantur,
1284 2643 1506 2721 prosa
1580 2618 2045 2730 plerumque
2125 2633 2468 2717 expressa
2533 2617 2689 2688 sint

483 2738 679 2832 (tota
699 2739 1262 2844 Chhandogya,
1316 2742 1400 2815 ni
1431 2740 1698 2831 fallor,
1731 2741 1986 2814 soluta
2016 2738 2371 2813 oratioue
2401 2736 2688 2839 scripta

483 2860 662 2956 est),
733 2887 1117 2937 sermones
1165 2882 1431 2939 autem
1481 2863 1791 2965 locique
1842 2862 2108 2965 paullo
2161 2859 2690 2939 commotiores

483 2986 829 3061 versibus
911 2984 1352 3061 decrit-rann
1487 2987 1611 3063 Sic
1686 2983 2316 3088 Cathopanishad
2409 2984 2690 3086 incipit·

485 3109 701 3185 brevi
756 3110 1203 3203 narratione
1248 3112 1590 3214 prosaica
1639 3109 1744 3214 (Ρ.
1787 3137 1810 3183 ι
1838 3168 1857 3200 ,
1901 3111 1951 3184 l.
1979 3108 2302 3205 3—5.),
2356 3100 2690 3211 sequun-

487 3249 623 3308 tur
656 3233 1167 3309 Nachicetasis
1200 3235 1430 3309 verba
1477 3236 1679 3310 sloca
1715 3232 2268 3338 comprehensa
2319 3231 2394 3327 (l.
2429 3236 2516 3321 6,
2552 3226 2687 3330 7.);

483 3355 751 3459 paucis
803 3354 1166 3458 prosaicis
1229 3353 1678 3459 interiectis
1722 3354 2004 3429 iterum
2067 3355 2303 3432 slooas
2354 3353 2691 3429 invenies

486 3478 584 3574 (l.
619 3503 784 3575 9-
816 3475 1008 3570 12.),
1063 3495 1142 3553 et
1191 3477 1299 3554 sic
1349 3503 1606 3582 porro.
1707 3480 2018 3553 Praeter
2062 3479 2298 3554 slocas
2343 3502 2688 3553 commu-

484 3626 622 3676 nes
684 3619 944 3676 autem
1027 3620 1458 3692 occurrunt
1542 3623 1800 3675 versus
1900 3601 2562 3706 hendecasyllabi·
2610 3617 2687 3676 et

486 3722 1098 3829 dodecasyllabi,
1184 3709 1453 3826 quales
1539 3723 1621 3796 in
1687 3723 2244 3826 Bhagavadgita
2326 3742 2405 3798 et
2474 3722 2686 3796 alibi.

486 3847 561 3923 Si
613 3871 792 3926 vero
840 3847 1274 3923 accuratius
1325 3843 1818 3947 inquisiveris
1868 3846 1951 3920 in
2002 3840 2288 3922 horum
2328 3867 2689 3920 versuum

487 3988 887 4061 naturam,
949 3993 1074 4044 eos
1137 3968 1481 4042 multum
1534 3967 1786 4043 abesse
1834 3968 2111 4044 senties
2160 3969 2260 4043 ab
2310 3969 2687 4071 elegantia

484 4117 1029 4179 numerorum5
1083 4090 1166 4164 in
1212 4115 1373 4191 qua
1410 4090 1863 4195 posteri-ores
1895 4109 2165 4196 poetae
2199 4092 2345 4166 sibi
2383 4094 2688 4195 placuea
