2964 4737
1309 304 1805 378 ...50-

466 499 708 574 trium
771 518 1244 575 sacratorum
1319 502 1831 575 voluminum.
1944 501 2213 602 Neque
2282 497 2480 572 mihi
2558 498 2666 575 ad

461 621 988 722 Upanishades
1071 624 1480 725 pertinere
1546 647 1756 724 posse
1821 621 2191 696 videntur
2264 646 2352 693 ea
2417 647 2665 722 argu·-

460 763 757 832 menta,
809 772 1010 846 quae
1053 773 1145 818 ex
1196 746 1723 820 astronomicis
1773 743 2206 819 rationibus
2257 743 2485 846 petiit
2522 747 2666 818 Co-

456 865 899 940 lebrookius
951 866 1095 961 (As.
1139 872 1295 943 Res.
1335 872 1563 958 VIII,
1618 895 1693 971 p.
1724 864 1931 962 475.)
1978 865 2077 938 ad
2129 864 2665 940 demonstran-

455 985 634 1059 dam
673 987 1069 1064 Vedarum
1103 991 1712 1092 ·antiquitatem;
1764 1015 2009 1091 quare
2058 989 2210 1064 alia
2263 990 2381 1064 via
2436 991 2667 1064 nobis

452 1107 1030 1213 procedendum
1098 1120 1230 1188 est.
1372 1112 1868 1188 Venerabilis
1936 1113 2193 1213 legum
2264 1113 2714 1207 collectiO„

450 1259 662 1333 quae
713 1235 997 1307 Manus
1071 1261 1356 1311 nomen
1434 1258 1621 1338 prae
1687 1261 1764 1310 se
1841 1235 2031 1320 fer-t,
2107 1233 2360 1310 Vedas
2438 1263 2662 1311 suam

456 1355 675 1455 quasi
733 1354 953 1430 basin
1005 1383 1154 1433 esse
1203 1358 1581 1459 agnoseit,
1635 1359 1741 1431 ita
1796 1377 1887 1432 ut
1936 1383 2206 1431 eorum
2253 1359 2541 1432 mentio
2576 1359 2662 1434 in

456 1477 726 1577 quavis
775 1479 939 1551 fere
991 1480 1271 1582 pagina
1336 1498 1698 1554 occurrat
1725 1513 1754 1572 3,
1823 1481 2101 1554 Manus
2152 1498 2412 1572 autem
2470 1481 2665 1583 leges

459 1625 718 1672 revera
774 1603 1136 1702 antiquas
1185 1628 1369 1688 esse,
1441 1603 1807 1702 gravibus
1858 1603 2291 1678 rationibus
2342 1604 2657 1708 probari

458 1740 727 1824 potest.
832 1724 1101 1818 Quum
1158 1725 1370 1799 enim
1419 1722 1853 1798 Alexander
1919 1723 2004 1799 in
2056 1723 2361 1803 Indiam
2413 1725 2662 1830 profe-

454 1864 631 1919 ctus
678 1863 898 1931 esset,
971 1846 1311 1948 plurima
1380 1846 1684 1920 invenit
1749 1870 1982 1947 regna
2043 1846 2404 1920 omnibus
2453 1849 2661 1950 pacis

460 1985 541 2041 et
604 1967 790 2040 belli
844 1969 1161 2041 artibus
1227 1968 1627 2057 florentia,
1715 1967 2239 2070 quadrifidam
2308 1970 2659 2072 gentium

452 2086 950 2173 divisionem,
1006 2091 1628 2164 Brahmanarum·
1669 2091 2024 2190 collegia,
2077 2118 2416 2193 quo-rum
2467 2091 2658 2167 adeo
2721 2148 2724 2155 ·

452 2238 736 2301 unum,
788 2215 1203 2299 Calenum,
1258 2212 1559 2286 itineris
1586 2213 1705 2286 sui
1738 2215 2096 2288 comitem
2134 2215 2335 2289 fecit.
2436 2214 2658 2305 Vide,

456 2361 664 2436 quae
714 2334 810 2410 de
859 2336 1170 2411 Graecis
1222 2334 1673 2409 Indicarum
1747 2362 2016 2411 rerum·
2079 2338 2662 2414 narra-tionibus

379 2437 382 2443 λ
462 2456 684 2533 docte
735 2459 1087 2561 exposuit
1134 2459 1532 2534 Lassenius
1583 2457 1817 2553 (Mus.
1861 2460 2107 2534 Rhen.
2148 2466 2219 2553 Ι,
2279 2489 2342 2542 2·
2397 2489 2469 2565 p.
2523 2489 2645 2561 ¹7¹

458 2580 681 2681 sqtf).
767 2585 977 2655 Vera
1013 2581 1254 2681 igitur
1290 2606 1604 2653 narrare
1639 2580 2009 2656 videntur
2033 2582 2241 2673 Indi,
2297 2585 2439 2685 qui
2461 2584 2661 2659 ‘inde

459 2705 560 2778 ab
612 2703 960 2803 antiquis
1013 2703 1490 2804 temporibus
1537 2729 1613 2777 se
1669 2706 1949 2779 Manus
2021 2706 2318 2805 legibus
2367 2708 2664 2783 obtem-

461 2851 759 2923 perasse
845 2823 1181 2909 dicunt3
1269 2851 1605 2925 namque
1693 2826 1844 2898 iam
1930 2826 2346 2901 Alexandri
2413 2848 2656 2903 aetate

464 2948 727 3022 omnia
805 2971 890 3018 ea
963 2946 1316 3020 instituta
1388 2947 1477 3021 in
1544 2944 1798 3021 India¹
1846 2949 2268 3024 obtin-uisse
2343 2952 2650 3041 scimus,

463 3094 666 3172 quae
715 3068 976 3144 codice
1021 3069 1159 3143 illo.
1209 3069 1693 3144 sanciuntur.
1796 3074 2152 3156 Attamen
2189 3075 2464 3177 paullo·
2490 3092 2658 3177 post

460 3192 988 3267 Alexandrum
1037 3191 1508 3283 (OLCXVI,
1560 3194 1651 3284 ι.)
1704 3195 1958 3283 Cenaeo,
2012 3193 2389 3269 Indorum
2443 3194 2655 3285 duce,

458 3301 602 3417 qui
661 3316 1027 3415 Eumenis
1095 3334 1334 3390 castra
1399 3334 1705 3389 secutus
1776 3333 1977 3403 erat,
2041 3336 2415 3408 -mortuo‚
2494 3320 2656 3397 eius

458 3464 781 3510 uxorem
814 3438 1074 3511 mariti
1111 3465 1387 3539 rogum*
1419 3436 1834 3512 ascendisse
1876 3436 2250 3513 trad-itum
2285 3459 2428 3525 est,
2479 3469 2656 3515 cru⁴

461 3557 616 3631 deli
669 3552 805 3631 illo
871 3557 1295 3654 yiduarum.
1349 3584 1598 3646 more,
1668 3559 1805 3659 qui
1862 3585 1972 3632 ne
2026 3578 2286 3636 nostro
2335 3563 2651 3664 quidem

461 3704 645 3754 aevo
697 3681 1081 3755 observari
1133 3680 1441 3753 desitus.
1543 3680 1799 3753 Hmius
1840 3706 2036 3755 vero
2071 3681 2260 3783 legis
2307 3710 2403 3757 ne
2440 3685 2654 3782 vesti-

460 3803 679 3903 gium
740 3802 1059 3904 quidem
1129 3802 1214 3876 in
1269 3805 1515 3876 Manu
1581 3802 1985 3877 invenitur
2042 3801 2457 3899 (Kalthoff.
2528 3811 2653 3879 Ius

458 3941 684 3999 matr.
735 3943 880 3999 vet.
935 3920 1105 3998 Ind.
1159 3951 1232 4026 p.
1273 3949 1357 4021 9¹
1421 3920 1672 4026 sqq.)‚
1743 3924 2001 4011 unde,
2078 3944 2170 4000 ut
2223 3929 2654 4003 acutissime

459 4046 884 4121 observavit
915 4045 1383 4145 Schlegelius
1407 4043 1634 4139 (Berl.
1667 4048 1826 4119 Cal.
1872 4043 2095 4146 1829,
2134 4049 2421 4152 p.3o.)‚
2479 4077 2650 4155 pro-
2721 4063 2724 4070 ‘
