2964 4737
1127 309 1753 384 -—165a-

380 530 471 578 ex
519 507 890 594 efficacia,
942 500 1144 607 quae
1195 472 1618 605 cognitioni
1673 505 1886 627 parvi
1925 502 2255 579 aetheiis
2299 478 2578 578 tribui·
2687 548 2699 559 =

384 631 694 722 tu1½in
745 652 1007 706 omnes
1036 629 1248 701 'enim
1290 627 1623 707 mundos
1660 628 1938 764 paullo·
1959 645 2141 732 post
2171 625 2579 700 inChhana

380 748 631 852 dogya
684 751 744 824 is
792 749 1125 850 migrare
1176 774 1387 852 posse
1423 747 1749 838 dicitm,
1801 749 1973 850 qui
1981 774 2062 821 ea
2102 750 2424 851 polleat3
2480 748 2578 822 cf.

381 874 593 945 Sanc.
626 900 724 975 .p.
759 875 891 970 76,
944 873 990 944 l.
1021 877 1089 945 3.
1190 869 1520 946 Brahma
1572 888 1832 945 autem
1883 871 2271 944 aetherem
2321 872 2583 974 appel-

381 995 528 1067 lari
562 1051 582 1083 ,
670 995 939 1070 multis
971 1050 974 1053 -
1004 995 1187 1069 locis
1252 992 1841 1097 Upanishadum
1927 993 2236 1096 probari
2315 1012 2578 1096 potest.

383 1117 646 1190 Animi
702 1143 879 1190 vero
930 1116 1256 1190 viventis
1302 1134 1381 1190 et
1440 1116 1784 1219 supremi
1851 1115 2198 1189 numinis
2252 1115 2457 1188 inter
2506 1140 2582 1189 se

384 1242 771 1315 rationem
819 1242 926 1314 sic
985 1239 1306 1343 exponit
1354 1239 1686 1312 Sancara
1755 1235 1858 1333 (p.
1899 1233 2087 1336 79.)2
2141 1260 2584 1322 „summum

381 1363 588 1437 illud
640 1367 949 1454 lumen,
1000 1363 1102 1442 ad
1151 1361 1365 1466 quod
1416 1360 2029 1466 perveniendum
2084 1385 2238 1435 esse
2289 1386 2344 1434 s.
2399 1360 2585 1433 libri

383 1486 697 1579 dicunt,
748 1510 1141 1564 summum·
1181 1485 1512 1560 Brahma
1548 1503 1697 1574 est,
1746 1483 2191 1588 praeditum
2228 1483 2585 1556 libertate

381 1624 430 1682 a'
479 1609 810 1711 peccatis
859 1607 1332 1709 eaeterisque
1378 1607 1920 1710 qualitatibu33
1973 1624 2210 1705 atque
2243 1604 2433 1677 haee
2474 1622 2585 1680 est:

385 1730 620 1804 realis»
657 1730 981 1818 viventis
1030 1729 1274 1813 animi
1325 1727 1573 1802 forma
1626 1726 1746 1822 (ut
1797 1752 1841 1800 e
1891 1727 2074 1801 loeis
2106 1751 2162 1799 s.
2194 1729 2277 1819 l.‚
2330 1730 2586 1831 qualis

285 1906 290 1917 .
382 1870 495 1926 est
544 1853 714 1926 illex
752 1855 925 1951 'hoc
972 1868 1055 1926 tu
1105 1876 1219 1940 es,
1288 1851 1690 1955 apparet),
1768 1877 1924 1924 non
1977 1852 2128 1926 alia
2181 1876 2322 1954 per
2369 1850 2586 1924 deiu-‘

382 1974 677 2049 sionem
729 1976 992 2078 posita.
1099 1973 1503 2071 Quamdiu
1528 1973 1765 2051 enim
1803 1973 2065 2061 vivens
2097 1973 2404 2047 animus
2440 1971 2585 2046 bu-

385 2122 661 2173 manae
724 2099 1006 2171 rationi
1087 2099 1522 2199 propriam,
1607 2096 2067 2200 duplicitate
2152 2095 2585 2200 praeditam

388 2220 909 2322 ignorantiam
965 2246 1122 2292 non
1180 2219 1569 2309 reiiciens,
1621 2220 1939 2292 firmum
1993 2219 2220 2292 illum
2272 2237 2350 2292 et
2394 2244 2587 2292 sem-

386 2368 529 2449 per
577 2342 966 2422 videntem
1014 2344 1368 2420 animum
1424 2370 1583 2417 non
1637 2340 2130 2446 adipiseitur,
2183 2341 2289 2417 ita
2339 2358 2431 2416 ut
2469 2341 2586 2414 di-

383 2492 558 2541 cere
606 2463 889 2571 possit}
960 2493 1110 2569 ego
1162 2469 1499 2541 Brahma
1547 2491 1748 2556 sum,
1837 2465 2137 2542 tamdiu
2199 2465 2434 2541 durat
2480 2467 2585 2540 vi-

385 2591 630 2668 ventis
686 2591 938 2666 animi
998 2610 1255 2667 status,
1357 2592 1431 2665 Si
1489 2615 1662 2665 vem
1724 2615 2057 2692 egressus
2103 2616 2149 2663 e
2203 2592 2579 2692 corporis,

384 2737 782 2802 sensuum,
864 2715 1144 2788 mentis
1191 2732 1270 2787 et
1336 2714 1659 2806 rationis
1733 2713 2180 2816 complexu,
2244 2713 2385 2813 qui
2441 2712 2585 2785 du·-

387 2835 734 2938 plicitate
798 2835 1193 2939 praeditus
1267 2853 1414 2923 est,
1494 2835 1726 2909 sacris
1790 2835 2012 2910 libris
2076 2835 2579 2913 admonetur:

392 2977 477 3033 tu
530 2985 689 3033 non
740 2984 817 3031 es
885 2956 1119 3030 huius
1180 2955 1461 3029 mundi
1528 2958 2097 3033 mutationibus
2158 2959 2582 3045 subiectus,

390 3080 627 3152 immo
656 3074 1216 3165 verumillud,
1271 3076 1580 3149 animus
1630 3076 1799 3164 ille,
1854 3077 1994 3177 qui
2045 3104 2241 3179 pura
2295 3082 2586 3156 intelli-

388 3202 644 3302 gentia
697 3220 841 3291 est,
916 3219 1107 3275 tunc
1157 3197 1473 3274 demum
1529 3199 1757 3274 firmo
1805 3218 1884 3274 et
1929 3224 2229 3304 semper
2275 3202 2585 3278 vidente

311 3327 316 3331 ’
389 3328 650 3401 animo
702 3326 1040 3425 cognito,
1092 3349 1183 3398 ex
1219 3323 1367 3398 hoc
1400 3350 1722 3428 corpore
1758 3350 2088 3427 egressus
2117 3327 2201 3400 in
2234 3320 2589 3400 animum

392 3448 618 3522 illum
686 3447 1200 3539 convertitur,
1275 3464 1366 3520 ut
1414 3462 1740 3550 apparet
1789 3474 1880 3521 ex
1933 3447 2377 3524 huiusmodi
2427 3475 2477 3523 s.
2535 3451 2585 3522 1.-

392 3572 610 3646 loois:
666 3577 768 3661 is,
820 3576 956 3673 qui
1000 3597 1420 3672 supremum
1454 3572 1787 3643 Brahma
1818 3577 2000 3656 scit,
2057 3574 2389 3648 Brahma
2406 3576 2587 3672 stt.“

393 3693 803 3789 Quomodo
856 3697 1032 3770 vero
1066 3697 1412 3771 nativum
1448 3694 1650 3769 illud
1683 3712 1761 3769 et
1795 3694 2154 3772 divinum
2194 3700 2458 3773 lumen
2502 3701 2587 3774 in

392 3818 623 3891 nobis
652 3818 1087 3894 oblitterari
1115 3821 1408 3922 potest?
1441 3819 1616 3892 auri
1641 3817 1955 3922 quidem
1990 3819 2245 3923 fulgor
2276 3821 2447 3895 aliis
2476 3847 2586 3893 re-

393 3941 539 4016 bus
573 3940 1027 4044 impeditur,
1082 3943 1369 4044 quibus
1420 3945 1729 4019 remotis
1780 3945 1863 4019 in
1917 3943 2314 4049 propriam
2371 3970 2589 4018 suam

395 4064 724 4140 formam
762 4067 1212 4157 revertitur,
1266 4065 1541 4156 sidera,
1594 4094 1638 4142 a
1674 4067 1850 4144 solis
1883 4068 2291 4172 splendore
2325 4066 2588 4144 obseu-
