2964 4737
1234 330 1787 441 ’‘83-.

382 514 495 592 tio
549 515 759 592 inter
806 518 1231 623 primordia
1288 519 1418 593 illa
1469 540 1554 596 et·
1587 516 2099 624 posteriorum
2135 537 2577 624 temporum

377 638 956 716 fecunditatem.
1060 647 1154 716 In
1208 642 1352 716 hac
1400 670 1578 719 vero
1631 670 1716 718 re
1783 640 2305 743 investiganda
2356 640 2576 717 dese·

378 780 574 836 runt
645 790 779 838 nos
849 764 1012 837 fere
1078 765 1339 839 omnia
1414 767 1846 841 testimonia
1915 764 2312 852 historica3
2388 790 2594 838 nam.)

377 909 583 984 quae
633 883 809 958 Indi
864 904 1190 959 narrant
1237 885 1333 959 de
1370 891 1621 989 Vyasa
1658 885 2097 968 Vedarum‚
2149 882 2582 988 Upanisha-

377 1001 623 1091 dum,
694 1023 1137 1108 poematum
1205 1007 1620 1109 epicorum
1668 1007 2088 1110 scriptore,
2155 1006 2295 1107 qui
2345 1007 2592 1081 etiam.-

377 1125 778 1203 doctrinae
811 1128 1284 1204 Vedanticae
1334 1158 1714 1206 summam
1765 1130 2214 1205 exhibuerit
2258 1126 2340 1202 in
2379 1127 2580 1203 Sari-

377 1252 910 1341 raca-Sutris,
965 1252 1260 1327 nemini
1312 1251 1894 1357 persuadebunt
1945 1275 2197 1353 neque
2246 1248 2433 1344 ipsi,
2486 1266 2593 1324 ut·

377 1373 714 1475 opinor,
809 1372 1008 1448 serio
1078 1372 1600 1449 crediderunt.
1726 1374 1960 1447 Nulla
2041 1368 2400 1474 profecto
2449 1367 2578 1442 de-

376 1495 934 1570 monstratione
986 1513 1190 1595 eget,
1246 1522 1404 1569 non
1458 1492 1795 1568 eundem
1847 1493 2246 1567 hominem
2287 1490 2581 1613 Upani-

375 1613 643 1688 shades
691 1633 769 1690 et
817 1614 1294 1718 aphorismos
1346 1613 1520 1689 illos
1565 1638 1974 1717 scripsisse,
2043 1638 2415 1713 namque,
2486 1629 2588 1686 ut

288 1720 289 1725 Ἰ
379 1754 668 1813 taceam
716 1755 1061 1812 sexcenta
1113 1736 1264 1811 alia
1316 1755 1813 1839 argumenta,
1884 1734 1966 1809 id
2016 1760 2158 1875 per
2202 1760 2278 1809 se
2331 1733 2579 1807 mani·-

374 1858 654 1934 festum
715 1877 862 1949 est,
930 1863 1340 1934 Suu-orum
1402 1860 1895 1963 scriptorem,
1977 1858 2039 1932 si
2091 1856 2324 1933 etiam
2375 1857 2590 1960 Upa-·

375 1981 731 2057 nishades
791 1984 1359 2075 concinnasset,
1429 1984 1653 2059 nullo
1704 1980 1934 2058 modo
1985 1980 2083 2056 de
2131 1982 2402 2054 earum
2452 2004 2582 2052 exa

373 2103 798 2210 plicatione
870 2120 948 2175 et
1015 2125 1240 2175 sensu
1316 2101 1675 2177 dubitare
1754 2102 2143 2203 potuisse3
2231 2101 2586 2207 videmus
2653 2120 2659 2139 ³

373 2239 636 2295 autem
700 2221 785 2293 in
837 2220 1105 2320 quavis
1156 2222 1315 2294 fere
1363 2222 1644 2324 pagina
1694 2247 1875 2295 eum
1921 2221 2006 2296 in
2059 2222 2588 2325 interpnemna

372 2341 492 2417 dis
558 2339 1181 2446 Upanishadibus
1248 2345 1592 2419 multum
1656 2341 1967 2435 sudare3
2057 2367 2237 2444 ergo
2301 2370 2589 2418 earum:

372 2482 647 2539 auctor
731 2465 893 2567 ipse
972 2487 1129 2537 esse
1208 2490 1365 2538 non
1459 2481 1734 2567 potest·
1844 2464 2246 2539 Mittamus
2332 2465 2584 2566 igitur:

371 2585 667 2686 Vyasae
705 2609 1027 2670 nomen,
1079 2584 1378 2658 etiamsi
1418 2585 1717 2658 clarum
1763 2582 1975 2688 apud
2002 2582 2232 2659 Indos
2282 2583 2574 2679 (occur-

369 2702 477 2779 rit
548 2706 703 2778 iam
773 2707 856 2778 in
926 2705 1152 2807 Bhag.
1206 2708 1317 2794 X,
1398 2711 1521 2801 15,
1593 2703 1783 2807 57),
1866 2705 2081 2809 quod
2156 2724 2412 2781 tamen
2484 2708 2573 2783 int

367 2828 779 2901 Sutrorum
851 2828 1305 2931 scriptorem
1373 2827 1695 2902 minime
1746 2826 2099 2932 quadrat.
2202 2830 2377 2903 Nou
2429 2829 2570 2902 mia

367 2973 516 3023 nus
566 2950 953 3023 incertum
1003 2966 1145 3037 est,
1199 2946 1774 3052 Badarayanam
1823 2949 2376 3054 philosophum
2430 2978 2567 3026 no-

364 3088 627 3144 strum*
678 3071 1155 3172 appellatum
1201 3067 1463 3162 fuisse13
1545 3095 1727 3143 nam
1776 3070 2305 3171 Badarayana,
2381 3073 2568 3146 illu-

363 3188 574 3273 stris,
652 3208 744 3264 ut
810 3187 1155 3276 videtur,
1220 3188 1523 3263 scholae
1571 3187 2047 3265 Vedanti'cae
2097 3187 2401 3281 doctor,
2474 3195 2561 3268 in

365 3307 546 3412 ipsis
586 3311 847 3387 Sutris·
901 3330 1136 3413 atque
1201 3309 1391 3385 adeo
1445 3313 1530 3386 in
1579 3313 2038 3417 aphorismis
2084 3311 2369 3417 prioris
2415 3315 2562 3390 Mi-

362 3453 737 3520 maensae,-
797 3431 938 3532 qui
1014 3432 1166 3508 illis
1233 3432 1713 3534 antiquiores
1785 3450 2024 3524 sunta,
2100 3453 2559 3514 commemo-

362 3568 604 3625 ratur„
730 3549 1084 3629 Tertium
1182 3577 1489 3644 nomen,
1580 3578 1740 3657 quo
1816 3576 2358 3660 nuncupatur,
2445 3586 2557 3646 est

351 3672 896 3777 zDvaipayana,
974 3696 1066 3753 ut
1115 3676 1335 3752 docet
1376 3678 1948 3754 Colebrookius
1972 3681 2393 3773 (Transact.
2437 3692 2551 3780 ΙΙ,

358 3822 433 3898 p.
481 3790 610 3888 3..)
714 3800 1073 3872 Attamen
1141 3797 1288 3873 hac
1360 3797 1454 3872 de
1520 3825 1604 3875 re
1669 3827 1792 3875 me
1864 3802 2221 3882 dubitare
2287 3811 2554 3888 fateor.-

357 3914 767 3991 nutabant
815 3943 1095 4024 nempe
1152 3920 1362 4012 Indi,
1444 3921 1709 3998 vixisse
1773 3926 1961 4000 olim
2035 3929 2552 4010 Brahmanam

354 4039 1724 4146 metissimmApantaratamasem‚
1772 4048 1912 4150 qui
1940 4047 2081 4125 Dei
2126 4051 2336 4133 iussu
2370 4071 2553 4129 ante
