2964 4737
1180 333 1730 408 -115—

361 523 794 628 Upanish.).
896 523 1282 602 Videmus·
1320 529 1553 602 etiam
1585 528 1732 601 hoc
1780 525 1901 620 (in
1942 552 1997 601 s.
2037 526 2286 623 libris)
2302 562 2322 622 3
2380 554 2562 615 nam

359 666 770 752 postquam
823 645 1121 723 dictum
1170 665 1374 723 erat:
1428 648 1550 722 vir
1601 649 1769 737 ille,
1819 649 1960 749 qui
2001 650 2087 723 in
2121 654 2347 726 oculo
2382 676 2566 728 con-

359 769 729 871 spicitur,
784 768 845 842 is
894 770 1238 854 animus,
1293 769 1592 870 inquit,
1665 769 1746 842 id
1799 769 2269 864 immortale,
2323 774 2568 878 impaa

363 891 635 965 vidum
668 949 686 979 ,
766 892 829 966 is
878 892 1243 980 Brahma‚
1287 914 1388 950 -'-
1437 892 1880 968 Virochana
1933 920 2064 967 rex
2103 900 2565 979 Astu-arum,

364 1012 664 1087 etiamsi
719 1041 762 1087 a
794 1010 1196 1116 Prajapate
1247 1007 1412 1115 ipso
1463 1015 1904 1101 institutUS,
1957 1034 2211 1089 tamen
2252 1034 2585 1119 propter¹

366 1155 695 1210 naturae
744 1162 923 1210 suae
959 1120 1543 1239 ‘perversitatem
1598 1134 2034 1210 doctrinam
2086 1137 2450 1211 absonam
2485 1153 2567 1213 et

364 1259 872 1333 contrariam:
927 1284 1206 1362 corpus
1236 1284 1385 1332 esse
1418 1258 1772 1332 animum
1809 1254 2128 1362 (ipsum)
2165 1259 2567 1348 intellexit,

367 1404 501 1455 rex
550 1380 874 1454 deorum
923 1405 1100 1453 vero
1150 1380 1421 1468 semel,
1478 1379 1597 1452 bis
1652 1397 1955 1481 terque,
2006 1374 2223 1479 quod
2272 1376 2575 1452 dictum

367 1523 569 1591 erat,
627 1494 786 1578 non
840 1504 1259 1591 intellexit,
1350 1519 1628 1602 quarta
1689 1520 1946 1581 tamen
2010 1502 2174 1575 vice
2251 1497 2575 1603 propter

369 1628 749 1702 naturalis
782 1626 1294 1731 perversitatis
1332 1625 1933 1701 destructionem
1980 1623 2234 1728 primo
2272 1622 2578 1698 dictum.

365 1748 698 1821 'Brahma
754 1748 1160 1821 intellexit.
1263 1738 1522 1819 Etiam
1587 1745 1674 1821 in
1737 1746 1894 1819 vita
1961 1742 2419 1845 quotidiana
2479 1762 2574 1817 ex

371 1871 497 1957 iis,
570 1871 707 1971 qni
761 1867 1095 1942 eundem
1148 1886 1732 1971 praeceptorem
1782 1865 2288 1954 audiverunt,
2367 1892 2575 1942 unus

374 2017 536 2065 rem
592 2010 792 2065 recte
844 1986 1243 2092 intelligit,
1297 1991 1496 2064 alius
1544 1990 2058 2073 contrarium,
2111 1987 2311 2062 alius
2359 1985 2577 2065 deni-

373 2137 530 2212 que
595 2136 908 2214 prorsus
974 2111 1196 2183 nihil.
1311 2113 1491 2198 Quo
1560 2112 1796 2211 magis
1863 2111 2105 2213 igitur
2166 2109 2378 2186 cadit
2424 2112 2576 2187 hoc

376 2233 463 2308 in
534 2231 933 2305 essentiam
1000 2231 1284 2318 animi,
1370 2255 1571 2331 quae
1652 2258 1889 2336 supra
1975 2259 2238 2309 omnes
2318 2258 2576 2308 sensus

376 2374 522 2450 est3
577 2353 707 2429 hic
758 2353 843 2428 in
896 2351 1186 2428 diversa
1240 2353 1537 2428 abeunt
1587 2380 1849 2427 omnes
1896 2354 2306 2429 ratiocinio
2359 2353 2573 2427 addi-

376 2477 524 2564 cti,
617 2475 756 2576 qui
821 2473 916 2547 de
974 2491 1154 2549 ente
1206 2492 1276 2549 et
1332 2501 1494 2547 non
1560 2493 1736 2548 ente
1802 2476 2245 2575 loquuntur
2309 2473 2578 2563 (Allu-

359 2597 497 2673 dit
580 2601 905 2671 Sam-ara
1008 2598 1109 2670 ad
1201 2614 1557 2671 octavum
1642 2595 2206 2700 Chbandogyae
2301 2613 2574 2699 caput,

379 2717 520 2792 ubi
596 2713 1016 2820 Prajapatis
1089 2716 1407 2792 Indram
1486 2733 1562 2790 et
1625 2716 2155 2792 Virocbanam
2233 2714 2575 2809 docet).“

378 2840 547 2913 Non
604 2864 692 2911 eo
728 2841 1024 2942 quippe
1067 2840 1436 2941 progressi
1479 2859 1665 2914 sunt
1685 2839 2137 2928 Vedantici,
2189 2857 2283 2914 ut
2316 2861 2579 2914 omnes

380 2949 734 3034 homines
818 2957 1077 3058 quoad
1150 2959 1637 3035 habilitatem
1722 2986 1940 3063 pares
2011 2985 2163 3034 esse
2229 2958 2582 3033 dicerent

357 3083 841 3181 nullamque
892 3078 1294 3170 ordinum,
1348 3101 1543 3182 quos
1583 3081 1776 3182 leges
1824 3096 2282 3170 sanxerunt,
2336 3078 2582 3154 diver-

379 3201 680 3294 sitatem
754 3220 1180 3276 statuerent
1202 3234 1222 3294 3
1315 3203 1554 3276 immo
1621 3203 1815 3276 solos
1882 3202 2001 3278 bis
2061 3216 2283 3275 natos
2347 3201 2422 3275 h.
2472 3228 2578 3291 οι,

382 3324 519 3423 qui
576 3324 974 3425 mysticam
1030 3319 1550 3399 initiationem
1600 3339 2103 3427 acceperunt,
2167 3340 2384 3426 aptos
2430 3343 2584 3396 esse

383 3459 831 3532 autumant,
918 3471 1078 3519 non
1151 3441 1466 3529 Sudras,
1551 3446 1691 3546 qui
1751 3445 2017 3520 Vedas·
2091 3447 2341 3548 legere
2419 3469 2584 3521 non

386 3585 720 3667 possunt.
805 3608 907 3624 ——
998 3565 1383 3671 Descripsi
1476 3566 1959 3643 conditiones
2047 3586 2125 3644 et
2205 3567 2586 3657 subsidia,

385 3684 674 3784 quibus
739 3710 914 3760 vera
984 3688 1321 3789 cognitio
1387 3687 1864 3788 acquiritur3
1941 3688 2104 3762 eius
2171 3690 2585 3765 efficaciam

387 3803 799 3879 Vedantici
850 3808 1457 3911 splendidissima
1512 3799 1739 3882 laude
1785 3809 2189 3883 extollunt.
2258 3811 2584 3886 Animus

387 3927 599 4001 enim
655 3947 951 4016 noster,
1039 3930 1361 4004 simulac
1410 3930 1667 4001 Deum
1719 3927 1834 4022 (h.
1887 3955 1949 4003 e.
2002 3955 2077 4007 oe
2127 3931 2418 4033 ipsum,
2491 3947 2584 4003 ut
2676 4027 2679 4030 Α

392 4049 598 4125 infra
648 4048 1086 4154 apparebit)
1135 4052 1530 4149 cognovit,
1594 4065 1924 4126 mortem
1973 4069 2049 4125 et
2099 4068 2411 4152 peccata
2456 4063 2583 4124 su-
