2964 4737
1300 380 1755 426 ,ιχ-

448 585 610 656 lum
687 572 1306 686 philosophicum
1345 642 1360 671 ,
1436 586 1802 656 Sancarae
1878 581 2255 656 tributum
2288 637 2308 667 ‚
2387 577 2602 681 quod·

446 718 833 803 doctrinae
862 720 1168 796 exhibet
1202 723 1438 805 breve,
1471 739 1561 795 ut
1587 721 1687 795 ita
1716 720 1983 808 dicam,
2020 696 2595 823 compendium3

444 857 704 932 addidi
757 861 1401 963 commentarium
1439 879 1516 934 et
1554 859 1968 933 versionem
2011 858 2361 941 latinam,
2412 855 2599 957 quia

442 996 908 1100 aphorismos
944 998 1112 1073 illos
1146 1028 1297 1073 non
1336 998 1552 1073 facile
1593 996 1959 1097 intelliges
1990 995 2150 1070 sine
2191 995 2322 1068 tali
2357 976 2599 1069 admi-4

446 1134 723 1209 niculo.
800 1142 890 1211 In
941 1139 1186 1240 capite
1235 1114 1566 1212 secundo
1618 1164 1857 1242 pauca
1899 1153 1974 1210 et
2023 1135 2344 1220 incerta,
2397 1158 2598 1234 quae

443 1272 541 1347 de
556 1277 924 1349 Sancarae
949 1276 1100 1349 vita
1137 1295 1214 1350 et
1250 1275 1342 1349 de
1380 1276 1695 1351 historia
1729 1274 2119 1349 doctrinae
2133 1269 2602 1348 Vedanticae

443 1413 823 1495 novimus,
914 1414 1339 1516 composui,
1417 1413 1495 1487 id
1565 1412 2036 1516 potissimum
2105 1435 2409 1491 curam,
2499 1432 2595 1479 ne

440 1545 631 1647 quid
687 1549 985 1620 incaute
1037 1549 1546 1625 admitterem,
1597 1547 1808 1641 quod
1849 1546 2099 1608 valida.
2136 1537 2429 1609 ratione
2477 1560 2597 1608 ca·-

441 1693 661 1748 reret.
732 1674 1093 1775 Sequitur
1125 1673 1476 1778 deinceps
1514 1677 1851 1778 ipsorum
1888 1672 2327 1774 dogmatum
2357 1699 2598 1773 quam

439 1786 869 1897 brevissima
921 1814 1339 1902 enarratiO‚
1393 1814 1478 1888 in
1529 1841 1681 1914 qua
1732 1811 2332 1911 Yedanticorum
2380 1835 2597 1912 prae-

437 1952 661 2054 cipua
703 1952 1016 2056 placita,
1069 1970 1159 2030 ut
1198 1954 1279 2027 in
1319 1953 1539 2029 libris
1573 1978 1838 2029 eorum
1879 1952 2420 2045 inveniuntur,
2473 1975 2594 2022 or-

437 2089 617 2165 dine
667 2092 976 2193 collegi,
1048 2110 1125 2167 et
1173 2118 1372 2195 quae
1440 2094 1755 2169 obscura
1808 2091 2286 2176 viderentur,
2354 2086 2590 2189 expli-

437 2230 619 2302 cavi.
700 2231 966 2305 Totius
1014 2249 1269 2305 autem
1319 2230 1712 2307 doctrinae
1761 2259 2045 2307 caussas
2092 2249 2168 2309 et
2217 2229 2594 2330 originem-

436 2366 898 2466 perscrutari
948 2385 1024 2441 et
1071 2365 1454 2467 quomodo
1508 2368 1587 2444 in
1642 2395 1944 2442 omnem
1981 2366 2348 2441 Indorum
2396 2366 2589 2439 vitae

436 2501 813 2575 rationem
881 2504 1338 2586 manaverit,
1410 2502 1951 2591 demonstrare,
2032 2527 2189 2576 rem
2250 2526 2397 2575 esse
2451 2529 2594 2602 pu-

437 2639 583 2712 tavi
637 2659 712 2713 et
763 2641 946 2716 meis
995 2642 1283 2715 viribus
1354 2642 1713 2721 maiorem
1781 2667 2029 2743 neque
2083 2642 2588 2715 necessariam.

434 2777 888 2853 Felicissimo
940 2779 1142 2852 enim
1190 2805 1371 2853 casu
1421 2778 1705 2854 factum
1754 2797 1897 2862 est,
1947 2798 2328 2880 ut-quum
2385 2779 2592 2851 hunc

436 2915 785 2996 libellum
849 2917 1434 3007 conscriberem,
1514 2939 1756 3022 pater·
1788 2945 1997 2993 meus
2059 2905 2594 2997 dilectissimus

437 3054 514 3132 in
561 3054 931 3157 ampliore
981 3082 1114 3146 suo
1167 3056 1260 3130 de
1305 3057 1615 3132 historia
1667 3057 2189 3161 philosophiae
2227 3082 2452 3161 opere
2487 3054 2592 3130 ad

433 3192 763 3268 eundem
829 3195 1078 3269 locum
1143 3194 1560 3284 devenerit,
1625 3195 1965 3297 dumque
2030 3220 2163 3296 ego
2227 3194 2585 3269 historico·

435 3330 656 3406 modo
759 3334 1180 3410 testimonia
1272 3355 1474 3409 certa
1572 3335 1913 3437 undique
2013 3334 2584 3435 conquirerem,

435 3471 563 3550 ille
608 3471 943 3552 internas
978 3493 1057 3549 et
1093 3474 1322 3554 huius
1354 3475 1762 3565 doctrinae,
1801 3501 1999 3576 quae
2039 3500 2207 3548 vere
2239 3473 2586 3547 ecstatica

433 3627 539 3682 est
580 3628 657 3683 et
700 3612 1095 3702 θπάὲεσι,
1142 3640 1339 3716 quae
1387 3632 1689 3697 vocant,
1744 3613 2178 3713 magneticis
2229 3610 2579 3699 oriunda,

433 3765 508 3819 et
575 3746 1049 3848 reliquarum
1120 3752 1447 3825 rationes
1528 3749 1861 3828 dilucide
1928 3754 2303 3855 exposuit,
2372 3748 2614 3851 quod

432 3911 474 3957 a
546 3910 701 3985 quo
775 3887 1041 3960 melius
1110 3888 1269 3961 fieri
1343 3888 1713 3989 potuerit,
1785 3916 2015 3988 quam
2086 3890 2180 3962 ab
2257 3912 2373 3969 eo,
2442 3887 2577 3987 qui

431 4025 962 4125 (piaestionum
1044 4025 1738 4130 philosophicarum
1821 4045 1893 4099 et
1984 4027 2577 4126 theologicarum
