2964 4737
1106 314 1206 332 --
1320 279 1460 353 186
1558 314 1663 388 ¹-

296 474 440 551 diu
488 476 655 551 eius
702 477 1011 578 loquela
1061 476 1320 552 mente
1368 476 1531 551 non
1583 499 1827 549 mersa
1875 493 2022 566 est,
2094 501 2312 552 mens
2353 477 2531 583 spi-‘

295 601 492 691 ritu,
539 600 858 704 spiritus
909 598 1121 700 igne,
1191 601 1388 703 ignis
1429 626 1731 676 summo
1782 600 2146 686 numine,
2200 598 2503 675 tamdiu

293 723 514 798 novit
567 742 732 815 eos3
808 722 870 796 si
925 748 1105 799 vero
1158 724 1322 798 eius
1378 725 1688 826 loquela
1750 742 2010 798 mente
2060 748 2304 798 mersa
2354 742 2503 810 est,

292 870 512 922 mens
553 845 878 948 spiritu,
930 845 1251 950 spiritus
1302 846 1520 948 igne,
1573 845 1772 948 ignis
1803 872 2105 921 summo
2147 845 2501 934 numine,

293 985 467 1042 tum
531 996 690 1043 non
758 968 975 1044 novit
1038 995 1179 1044 eos.
1284 970 1506 1066 Quae
1544 988 1688 1046 -est
1759 968 2145 1045 subtilitas
2209 986 2350 1043 etc.
2400 1012 2504 1029 -

290 1090 745 1176 Hominem,
813 1118 858 1164 o
891 1090 1132 1177 bone,
1184 1090 1437 1192 ligatis
1486 1090 1848 1166 manibus
1898 1088 2304 1170 adducunt
2348 1091 2502 1164 cla-

290 1229 620 1286 mantes:
672 1210 975 1287 furatus
1021 1228 1177 1299 est,
1238 1209 1715 1287 candefacite
1766 1212 1885 1287 illi
1931 1213 2230 1288 asciam.
2278 1214 2500 1312 -Qui,

291 1333 353 1414 si
406 1332 710 1406 facinus
762 1333 1279 1432 perpetravit,
1344 1358 1421 1404 se
1470 1335 1729 1432 ipsum
1778 1334 2230 1410 mendacem
2277 1335 2503 1430 facit3

292 1451 626 1529 memdax
694 1478 774 1527 se
839 1449 1244 1527 mendacio
1317 1470 1571 1554 tegens
1631 1452 1915 1527 asciam
1971 1453 2503 1543 candefactam

291 1576 613 1678 accipit3
667 1575 730 1650 is
783 1575 1049 1652 uritur
1095 1591 1174 1649 et
1222 1572 1507 1650 deinde
1563 1591 1903 1650 necatur.
1978 1575 2503 1673 Quodsi⁴vero

288 1698 592 1777 facinus
657 1724 819 1772 non
868 1696 1384 1802 perpetravit,
1436 1721 1516 1771 se
1568 1697 1827 1800 ipsum
1875 1723 2220 1774 veracem
2270 1699 2499 1786 facit3

287 1844 517 1897 verax
545 1847 623 1896 se
659 1818 979 1895 veritate
1019 1838 1273 1922 tegens
1304 1819 1586 1895 asciam
1621 1818 2149 1897 candefactam
2178 1823 2502 1927 accipit3

291 1944 357 2020 is
422 1969 586 2019 non
647 1941 911 2016 uritur
965 1959 1053 2016 et
1120 1939 1402 2016 deinde
1467 1941 1872 2019 liberatur.
1972 1949 2045 2020 Is
2110 1948 2501 2048 quomodo

294 2066 460 2142 illic
508 2091 672 2140 non
712 2061 1129 2148 aduratur,
1179 2062 1345 2139 eius
1397 2081 1724 2140 naturae
1758 2065 1908 2142 hoc
1946 2094 2175 2143 omne
2215 2088 2364 2161 est,
2418 2071 2502 2146 id

292 2214 567 2264 verum
614 2205 765 2274 est,
819 2188 881 2262 is
930 2186 1236 2263 animus
1282 2205 1429 2275 est,
1479 2187 1630 2263 hoc
1678 2204 1767 2265 tu
1800 2213 1917 2276 es,
1970 2217 2016 2265 o
2044 2193 2493 2273 Svetacetus.

293 2311 387 2394 ld
436 2312 535 2394 ab
586 2310 725 2392 illo
778 2309 1174 2415 cognovit,
1224 2310 1602 2413 cognovit.
