2964 4737
1212 308 1762 389 -158—

397 538 561 588 ram
614 497 800 585 alibi
853 509 1252 585 manifeste
1303 508 1763 585 describant.
1856 507 1999 585 sed
2051 525 2397 588 remanet
2444 507 2602 581 alia

398 636 728 710 obiectio
766 663 789 706 .·
851 635 911 708 si
998 650 1173 709 vera
1240 633 1580 736 cognitio
1650 634 1853 708 nihil·
1924 656 2229 737 praeter
2275 639 2603 712 Brahma

392 784 543 833 esse
612 757 1118 846 demonstrat,
1191 757 1290 845 is,
1360 757 1500 858 qui
1568 783 1739 831 eam
1791 756 2285 861 adipiscitur,
2356 781 2608 838 neces-

389 879 588 957 sario
643 879 723 952 in
782 877 1107 952 Brahma
1162 879 1505 954 converti
1556 878 1785 954 debet
1837 906 2090 982 neque
2140 883 2388 959 ullam
2439 889 2606 957 rem

391 1002 849 1076 exteriorem
917 1001 1313 1103 percipere
1388 1018 1689 1104 potest..
1759 1001 2259 1106 Respondent*
2300 1003 2610 1080 Vedan-

393 1127 569 1202 ticit
619 1122 1323 1227 quaemadmodum
1374 1125 1518 1225 qui
1570 1124 1656 1198 in
1694 1150 1963 1198 somno
2001 1151 2164 1198 rem
2200 1125 2608 1202 horridam

393 1247 715 1337 viderit,
751 1246 1067 1321 'etiamsi
1115 1246 1687 1351 expergefactus
1725 1273 1893 1321 eam
1929 1275 2089 1323 non
2133 1250 2413 1324 realem
2458 1268 2611 1325 esse

397 1388 832 1474 cognoscat,
901 1388 1159 1445 tamen
1214 1370 1457 1474 ipsam
1509 1370 2081 1474 perceptionem
2127 1397 2406 1473 negare
2446 1392 2610 1448 non

395 1511 647 1599 potest
722 1510 802 1569 et
880 1491 1375 1595 aliquamdiu
1449 1491 1824 1568 timorem
1907 1493 2177 1583 sentit,
2248 1493 2391 1584 sic,
2465 1480 2609 1598 qui

396 1616 730 1692 Brahma
816 1616 1174 1717 cognovit
1208 1671 1230 1708 ,
1308 1613 1596 1719 prioris
1678 1615 2162 1717 ignorantiae
2246 1619 2612 1695 effectum

396 1739 752 1817 nondum
813 1738 1047 1842 plane
1095 1737 1406 1826 abiicit,
1458 1760 1549 1811 eo
1599 1735 1826 1813 finito
1866 1756 2130 1815 autem
2172 1767 2353 1817 cum
2377 1739 2614 1817 Brah-

400 1882 628 1936 mane
677 1862 979 1936 unitur.
1079 1862 1222 1935 Res
1272 1876 1631 1934 externae
1680 1846 1906 1943 vero,
1947 1887 2106 1963 quo
2157 1865 2477 1939 crassior
2524 1864 2612 1942 i'n

398 1983 506 2079 eis
557 1982 995 2085 ignorantia
1045 1998 1193 2069 est,
1263 2005 1354 2057 eo
1404 1979 1801 2056 crassiores
1848 2002 2065 2068 sunt,
2136 2003 2216 2061 et
2264 1981 2605 2078 tantum}

398 2105 460 2180 si
516 2106 721 2209 ipsae
767 2102 871 2178 ad
917 2103 1439 2205 cognitionem
1489 2101 2072 2206 perducuntur,
2126 2121 2606 2197 evanescunt,

402 2254 563 2305 non
613 2226 675 2302 si
752 2225 951 2303 alius
1012 2226 1403 2331 quispiam
1473 2223 1600 2321 (cf.
1652 2228 1869 2302 Sanc.
1905 2230 1985 2300 B·
2024 2230 2089 2305 S.
2133 2224 2279 2320 ΙΙΙ,
2336 2257 2417 2319 2,
2472 2253 2608 2323 21,

401 2379 481 2456 p.
550 2348 766 2446 264).
830 2389 926 2407 —
1002 2348 1336 2430 Brahma
1404 2348 1860 2425 efficientem
1923 2350 2204 2427 mundi
2272 2371 2612 2429 caussam

404 2503 567 2551 non
618 2500 806 2562 esse,
857 2472 1008 2550 hoc
1050 2457 1537 2577 potissimum
1576 2492 2037 2574 argumento
2072 2477 2422 2551 evincere
2454 2494 2610 2551 stu-

405 2598 593 2673 dent
620 2593 1732 2674 Vedanticorumfadversarii:
1789 2598 1872 2673 in
1912 2597 2209 2675 mundo
2244 2600 2612 2702 inaequa-

403 2723 644 2797 bilem
708 2718 1181 2825 percipimus
1254 2718 1618 2794 fortunae
1687 2718 2358 2811 distributionem3
2431 2719 2610 2827 ergo

403 2829 570 2923 eius
636 2869 893 2919 caussa
957 2839 1245 2915 iniusta
1311 2857 1533 2924 esset,
1600 2840 1814 2943 quod
1863 2870 1991 2920 vos
2025 2844 2137 2948 de
2179 2845 2611 2924 Brahmane

402 2966 661 3046 dicere
711 2992 872 3042 non
920 2962 1153 3039 vultis
1203 2964 1448 3057 (Sanc.
1491 2964 1567 3038 B.
1594 2965 1662 3040 S.
1689 2966 1794 3050 ΙΙ,
1860 2992 1932 3062 ι,
1979 2975 2104 3065 54.
2140 2966 2335 3072 sqq.)
2352 3002 2374 3065 3
2427 2996 2611 3048 000..

404 3110 525 3168 tra
577 3091 725 3167 hoc
765 3087 1007 3166 nostri
1043 3088 1302 3163 Deum
1335 3087 1709 3192 respicere
1740 3090 1968 3187 aiunt
2005 3086 2339 3176 cuiusvis
2374 3119 2608 3198 opera

402 3237 482 3294 et
529 3214 959 3294 secundum
1007 3237 1096 3287 ea
1143 3210 1399 3287 fielices
1442 3228 1589 3286 aut
1657 3211 1999 3290 infelices
2060 3216 2308 3291 facere
2360 3215 2611 3291 homi-

402 3366 575 3436 nes3
627 3341 792 3417 sine
843 3335 1074 3412 initio
1123 3354 1383 3411 autem
1422 3361 1574 3412 esse
1613 3336 1818 3413 hanc
1867 3340 2354 3431 creationem,
2387 3360 2465 3416 et
2499 3341 2609 3415 sic

402 3488 816 3566 nunquam
894 3485 1127 3565 opera
1218 3488 1380 3535 non
1465 3461 1725 3536 fuisse.
1824 3464 1998 3539 Alio
2086 3483 2343 3541 tamen
2432 3465 2607 3540 'loco

397 3590 604 3682 (ΙΙΙ,
662 3614 746 3675 2,
802 3581 969 3679 41.)
1027 3585 1185 3688 ipse
1233 3584 1446 3658 Deus
1495 3611 1815 3689 operum
1871 3606 1948 3662 et
1996 3588 2296 3664 fructus
2347 3615 2607 3663 caussa

402 3709 903 3814 perhibetur,·
976 3727 1403 3807 utrumque
1452 3710 1562 3783 sic
1612 3710 2011 3784 conciliari
2067 3730 2345 3815 potest:
2398 3714 2610 3787 Deus

403 3833 648 3909 libera
720 3834 1117 3908 voluntate
1189 3829 1433 3933 (quae
1506 3852 1762 3907 tamen
1816 3834 2255 3935 ignorantia
2308 3838 2462 3930 est)
2529 3863 2608 3911 se

402 3958 657 4060 ipsum
728 3956 1219 4031 transformat
1296 3974 1373 4029 et
1425 3955 2027 4059 multiplicitatis
2089 3961 2417 4061 speciem
2488 3960 2608 4033 in-

401 4082 614 4178 duit3
689 4082 833 4156 hac
908 4080 1208 4166 ratione
1283 4082 1442 4186 ipse
1520 4081 1874 4155 omnium
1948 4108 2275 4186 operum
2346 4108 2605 4159 caussa
