2964 4737
1155 324 1717 414 -.49-.

349 508 752 613 impurum
802 525 944 583 etc.
1013 492 1424 596 definitur,
1502 530 1823 616 propter
1875 513 2077 588 locos
2125 536 2182 587 s·
2228 509 2316 585 l.:
2387 511 2553 587 sine

346 631 617 707 fructu
681 630 1109 735 (operum),
1195 634 1361 711 sine
1427 635 1896 723 mutatione,
1961 635 2125 709 sine
2189 634 2552 739 peccatIS,
2648 696 2652 701 .

346 753 514 828 sine
561 753 837 828 fraude
884 775 1026 832 etc.
1125 761 1453 862 Propter
1513 756 2034 833 differentiam
2097 759 2249 832 alia
2315 776 2551 833 mate-

348 874 566 951 rialis
614 902 871 953 caussa
922 906 967 952 a
1019 879 1451 955 Brahmane
1502 856 1838 964 diversa,
1920 879 2228 983 impura
2275 900 2416 955 etc.
2472 879 2562 954 in

350 996 575 1073 libris
641 998 963 1075 idoneae
1027 1002 1511 1078 auctoritatis
1590 1003 1968 1090 exhibita,
2014 1016 2086 1076 'a
2140 1001 2363 1077 nobis
2427 1029 2563 1106 po·-

352 1117 613 1194 nenda
662 1139 807 1210 est,
881 1121 1067 1222 quia
1119 1121 1269 1198 loci
1320 1149 1372 1197 s.
1412 1124 1462 1201 Ι.
1520 1121 1615 1196 de
1665 1123 2142 1200 caussalitate
2198 1119 2564 1197 Brahma-

352 1240 476 1317 nis
528 1260 834 1317 tantum
872 1240 967 1317 de
1015 1268 1273 1320 caussa
1313 1244 1688 1320 efficiente
1720 1245 2001 1318 valent.
2053 1235 2561 1337 (Conclusiot)

351 1362 682 1439 Minime
744 1388 942 1439 vero·
1047 1364 1377 1441 Brahma
1447 1383 1527 1440 et
1587 1363 2007 1441 substantia
2059 1363 2134 1438 h.
2170 1389 2233 1436 e.
2304 1387 2564 1438 caussa

352 1484 777 1560 materialis
826 1485 1280 1561 habendum
1330 1504 1473 1574 est,
1524 1504 1602 1562 et
1653 1512 1908 1561 caussa
1958 1484 2327 1572 efficiens,
2398 1509 2563 1559 non

352 1604 605 1681 solum
648 1631 905 1681 caussa
950 1605 1309 1683 efficiens.
1387 1606 1596 1679 Cur?
1642 1604 1830 1705 quia
1882 1605 2305 1709 propositio
2354 1602 2564 1698 (afim

352 1725 452 1800 cf.
486 1727 789 1801 Colebr.
840 1731 1234 1804 Transact.
1285 1728 1357 1811 1,
1411 1753 1484 1831 p.
1534 1723 1724 1821 116.)
1773 1744 1851 1801 et
1899 1725 2282 1829 exempla,
2355 1749 2562 1830 quae

355 1847 444 1923 in
514 1848 680 1924 loco
744 1875 797 1925 s.
853 1850 901 1930 l.
971 1849 1523 1938 inveniuntur,
1594 1849 1703 1923 sic
1764 1875 1925 1928 non
1993 1846 2561 1950 impediuntur.

357 1971 790 2072 Propositio
839 1973 991 2047 sic:
1067 1973 1281 2051 locus
1325 1998 1382 2046 s.
1429 1972 1477 2046 l.
1533 1970 1664 2045 hic
1713 1987 1855 2049 est:
1921 1994 2115 2043 anne
2181 1969 2386 2042 [llam
2435 1992 2565 2041 no-

359 2095 636 2168 tionem
671 2096 1159 2190 interrogasti
1185 2091 1676 2192 (magistros)‚
1714 2119 1865 2196 qua
1891 2117 2039 2166 non
2064 2091 2403 2166 auditum
2435 2116 2569 2164 αιι-

360 2209 604 2284 ditum
633 2212 771 2311 fit,
842 2237 994 2285 non
1063 2216 1476 2312 cogitatum
1547 2218 1990 2314 cogitatum,
2070 2237 2222 2287 non
2290 2213 2570 2287 intelle-

359 2346 557 2405 ctum
626 2334 1073 2409 intellectum
1108 2335 1146 2407 Ρ
1234 2360 1394 2436 quo
1477 2335 1647 2410 loco
1720 2359 1972 2410 unum
2053 2332 2564 2432 intelligendo

356 2455 619 2532 omnia
674 2457 1013 2559 reliqua,
1075 2456 1370 2531 etiamsi
1441 2482 1602 2530 nnn
1668 2455 2098 2544 intellecta,
2173 2453 2567 2530 intellecta

361 2574 528 2648 fieri
580 2576 1053 2672 affirmatum
1122 2578 1311 2656 haec
1360 2595 1622 2651 autem
1672 2575 2030 2654 omnium
2080 2574 2569 2676 reliquorum

359 2697 700 2800 cognitio
766 2699 852 2774 in
926 2699 1369 2801 cognitione
1441 2723 1743 2774 caussae
1820 2696 2238 2774 materialis
2304 2696 2569 2772 locum
2622 2715 2626 2719 ’

358 2815 634 2909 habet,
688 2821 875 2925 quia
924 2821 1238 2897 effectus
1289 2820 1492 2896 nihil
1545 2820 1644 2894 ab
1695 2844 1782 2895 ea
1834 2817 2133 2906 differt,
2207 2845 2252 2892 a
2307 2841 2568 2892 caussa

358 2937 741 3015 efficiente
788 2965 970 3014 vero
1022 2938 1361 3013 diversus
1409 2957 1556 3030 est3
1609 2957 1702 3017 ut
1739 2965 1801 3013 e.
1832 2965 1899 3039 g.
1932 2938 2153 3015 faber
2189 2936 2570 3039 tignarius

359 3085 404 3137 a
445 3076 663 3135 tecto.
766 3057 1022 3134 Etiam
1069 3059 1417 3163 exempla
1467 3057 1567 3131 ad
1616 3083 1787 3135 eam
1824 3081 1989 3133 rem
2038 3057 2567 3134 demonstran-

361 3176 542 3259 dam
593 3178 935 3274 faciunt3
1007 3179 1116 3257 sic
1164 3179 1245 3252 in
1299 3179 1447 3255 hoc
1497 3179 1698 3254 loco:
1755 3176 2371 3280 quemadmodum
2416 3203 2566 3252 uno

359 3302 682 3400 argillae
729 3299 955 3399 globo
1006 3325 1218 3373 omne
1249 3301 1740 3402 argillaceum
1772 3302 2153 3402 cognitum
2194 3313 2340 3380 est,
2390 3321 2566 3370 ver·-

365 3423 603 3523 hoque
647 3437 935 3497 tantum
1000 3421 1278 3522 effecta
1324 3437 1397 3494 et
1467 3445 1733 3496 nomen
1799 3422 2147 3501 mutatio,
2241 3444 2325 3496 re
2372 3445 2563 3495 vera

361 3562 607 3620 tamen
644 3544 924 3643 argilla
939 3543 1118 3617 ..sola
1149 3558 1296 3635 est3
1348 3542 1790 3645 exemplum
1822 3566 2159 3617 caussam
2206 3542 2561 3619 materia-

360 3667 515 3740 lem
565 3666 911 3771 respicit,
966 3683 1058 3740 ut
1096 3662 1330 3739 etiam
1370 3662 1456 3737 in
1499 3661 2036 3763 sequentihus:
2090 3663 2561 3767 quemadmo-

359 3788 541 3863 dum
612 3811 759 3863 uno
824 3810 1055 3861 aureo
1128 3800 1560 3861 ornamento
1625 3807 1839 3858 omne
1914 3808 2221 3858 aureum
2302 3790 2559 3884 cogni-

359 3926 516 3983 tum.
594 3925 756 4001 est3
863 3926 943 3982 et
981 3939 996 3979 ε
1114 3905 1733 4007 quemadmodum
1830 3929 1977 3981 uno
2075 3905 2369 3980 cultello
2449 3905 2557 3979 ad

359 4030 723 4112 secandos
815 4051 1101 4128 ungues
1191 4050 1404 4102 omne
1501 4026 1848 4123 ferreum
1952 4030 2334 4130 cognitum
2425 4041 2559 4101 est.
