2964 4737
1376 304 1868 385 ..46-

468 570 471 575 .
544 495 1015 601 probabilem
1068 520 1215 572 esse
1266 495 1654 580 concedes,
1709 514 2003 602 poetam
2036 492 2500 574 Vedanticae
2541 496 2741 605 phi-

540 619 926 723 Iosophiae
1007 620 1496 726 triumphum
1584 640 1660 698 et
1741 647 1921 725 prae
2009 619 2275 696 ceteris
2335 621 2734 696 Sancarae

542 738 851 813 laudem
870 741 1322 839 celebrasse,
1373 742 1664 818 etiamsi
1706 741 1914 816 hunc
1958 768 2334 844 nusquam
2366 729 2732 843 expresse

539 862 906 945 nominet.
1027 864 1143 937 De
1210 862 1910 967 Sancaradigvijaya
1969 863 2472 966 Anandagiris
2551 863 2725 938 iam

543 1009 772 1086 supra
808 985 1043 1060 locuti
1091 1009 1350 1060 sumus
1398 984 1683 1081 (multa
1735 983 2099 1060 eiusmodi
2150 987 2450 1090 scripta,
2502 1006 2725 1087 quae

546 1133 716 1183 mox
766 1106 1422 1183 Sancaracharitra
1473 1135 1652 1209 mox
1689 1105 2250 1209 Sancaravijaya
2303 1127 2718 1195 vocantur,

544 1246 877 1310 recenset
912 1228 1309 1305 wilsonus
1376 1231 1461 1304 in
1508 1229 1708 1303 libro
1772 1228 2199 1303 utilissimo:
2269 1230 2715 1303 Mackenzie

544 1350 960 1424 Collection
1027 1356 1095 1439 Ι,
1161 1379 1235 1454 p.
1281 1358 1419 1449 98,
1484 1377 1606 1450 99.
1672 1357 1784 1440 ΙΙ,
1835 1379 1909 1454 p.
1954 1352 2232 1434 XCVI,
2304 1352 2550 1426 CXVI
2624 1370 2708 1426 et

539 1470 881 1565 CCIX-);
954 1491 1272 1576 apparet
1339 1498 1429 1545 ex
1477 1474 1660 1576 illo,
1736 1470 2278 1575 philosophum
2345 1492 2701 1549 nostrum

537 1621 806 1696 magna
859 1594 1133 1668 itinera
1181 1595 1614 1698 suscepisse,
1662 1613 1752 1669 ut
1797 1595 2044 1669 ubivis
2092 1596 2438 1669 locorum
2473 1621 2696 1671 suam

533 1717 630 1791 de
676 1745 970 1794 summo
1024 1717 1344 1790 numine
1396 1714 1825 1791 doctrinam
1872 1705 2329 1791 defenderet.
2426 1722 2518 1791 In
2553 1718 2692 1790 Ca-

533 1840 843 1914 smiram
910 1841 1337 1944 profectum
1408 1865 1557 1913 esse
1627 1857 1839 1914 etex
1905 1837 2386 1939 Anandagire
2453 1859 2531 1914 et
2596 1866 2688 1914 ex

532 1960 900 2035 Madhava
950 1959 1214 2053 (Wils.
1265 1961 1501 2064 praef.
1553 1988 1628 2065 p.
1678 1959 2002 2053 XVIII.)
2045 1961 2375 2053 -scimus;
2443 1963 2681 2036 alium

528 2084 783 2157 locum
834 2083 1033 2156 infra
1093 2079 1533 2156 videbimus.
1637 2082 1914 2156 Virum
1980 2100 2230 2157 tantae
2279 2085 2683 2158 auctorita-

484 2204 623 2279 'tis
687 2222 764 2281 et
832 2223 986 2293 tam
1064 2204 1250 2280 clari
1323 2230 1462 2308 per
1546 2202 1847 2295 Indiam
1931 2205 2258 2280 nominis
2326 2230 2675 2305 magnam

483 2312 487 2316 ’
528 2325 1077 2431 discipulorum
1127 2346 1501 2406 catervam
1554 2327 1902 2404 habuisse
1945 2346 2023 2403 et
2069 2352 2206 2432 per
2250 2353 2325 2403 se
2374 2354 2677 2404 consen-

529 2469 840 2527 taneum
888 2470 1036 2541 est,
1094 2470 1174 2528 et
1219 2451 1317 2528 ab
1366 2441 1540 2525 aliis
1591 2449 1807 2525 nobis
1858 2449 2210 2526 traditur.
2277 2452 2405 2528 ἀί.
2456 2454 2669 2528 Wils.

522 2581 641 2651 As.
677 2580 834 2652 Res.
864 2578 1088 2665 XVI,
1139 2605 1214 2681 p.
1247 2603 1363 2650 22.
1425 2576 1711 2651 Multas
1755 2573 1850 2647 de
1897 2600 1987 2649 eo
2036 2575 2331 2650 fabulas
2382 2575 2669 2650 narrari

523 2724 746 2773 nemo
795 2697 1253 2784 mirabitur,
1303 2697 1445 2797 qui
1496 2695 1830 2799 proclive
1862 2695 2231 2770 Indorum
2283 2696 2665 2799 ingenium

520 2819 618 2895 ad
682 2817 1069 2923 fingendas
1116 2816 1484 2894 eiusmodi
1550 2818 1900 2894 historias
1963 2819 2280 2895 noverit.
2395 2821 2661 2907 Restat,
2720 2903 2727 2910 ⁶

518 2962 628 3018 ut
658 2941 753 3018 de
800 2941 1237 3047 philosophi
1292 2939 1540 3018 nostri.
1574 2940 1873 3045 scriptis
1919 2943 2161 3046 pauca
2210 2966 2661 3027 moneamuS,

517 3090 716 3167 quae
761 3065 993 3141 etiam
1039 3063 1269 3140 hodie
1317 3065 1402 3141 in
1450 3063 1673 3140 India
1722 3091 1767 3139 a
1816 3064 1996 3140 viris
2040 3063 2278 3140 doctis
2345 3062 2661 3140 studiose

514 3207 1105 3293 pertractantur.
1203 3185 1461 3263 Primo
1529 3187 1695 3261 loco
1760 3185 2161 3290 ponendus
2206 3204 2315 3263 est
2363 3187 2655 3261 immor·

516 3312 685 3387 talis
720 3311 805 3385 in
828 3306 1508 3386 Sariraca-Sutrani
1540 3309 2148 3394 commentarius,
2186 3308 2281 3384 de
2319 3336 2475 3412 quo
2498 3307 2654 3384 vide

384 3511 387 3514 ,
511 3457 711 3535 quae
757 3458 801 3505 a
851 3430 1342 3506 Colebrookio
1407 3431 1637 3506 allata
1698 3450 1932 3525 sunt3
2018 3434 2217 3509 liber
2269 3432 2463 3509 tanti
2511 3458 2653 3506 mo-

512 3552 789 3641 menti,
864 3569 958 3627 ut
1004 3551 1104 3625 ab
1149 3551 1576 3629 innumeris
1623 3554 1792 3629 aliis
1840 3555 2206 3631 laboriose
2253 3555 2651 3659 explicatus

507 3673 608 3748 sit
669 3671 1015 3767 (Colebr.
1064 3673 1328 3747 Trans.
1373 3676 1481 3764 II,
1531 3700 1608 3778 p.
1645 3671 1773 3774 7.).
1872 3678 2319 3778 Sequuntur
2380 3676 2648 3751 scholia

509 3791 607 3867 ad
657 3820 777 3869 eas
826 3793 1437 3899 Upanishadum,
1516 3822 1714 3898 quae
1763 3820 1945 3900 prae
1994 3797 2257 3874 ceteris
2300 3797 2649 3875 Vedanti-

507 3942 637 3993 cae
685 3918 1078 3994 doctrinae
1139 3918 1429 4008 favent,
1503 3943 1989 4020 quarumque
2054 3921 2364 3997 nomina
2416 3945 2647 3996 recen-

503 4042 655 4119 suit
687 4041 1224 4119 Colebrookius
1272 4040 1438 4138 (As.
1473 4045 1633 4118 Res.
1671 4044 1893 4132 VIII,
1937 4070 2008 4146 p.
2040 4041 2206 4141 454.
2275 4019 2639 4120 Transact.
