2964 4737
1213 298 1699 373 —35—

320 492 610 568 Setiam
656 520 927 599 corpus
976 497 1303 599 vigorem
1361 494 1840 572 nanciscitur.
1991 496 2314 598 Egoismi
2366 522 2541 571 con·

383 614 675 690 iunctio
725 643 901 691 cum
956 618 1282 719 imagine
1329 618 1571 692 animi
1619 612 2066 720 cogitantis,
2152 643 2331 692 cum
2379 643 2541 713 cor-

382 764 567 840 pore
612 759 688 815 et
750 767 926 815 cum
995 759 1176 815 teste
1240 741 1519 845 triplex
1584 738 1938 847 deinceps
2002 742 2146 816 est:
2234 740 2538 828 innata,
2605 746 2612 755 '

318 859 738 961 9operihus
786 879 962 936 nata
1013 880 1091 937 et
1137 887 1226 935 ex
1273 887 1530 937 errore
1575 880 1772 936 nata.
1874 862 1991 936 Ab
2028 862 2292 936 innata
2322 861 2540 933 nulla

382 981 731 1056 liberatio
780 1008 927 1057 esse
976 1001 1258 1087 potest,
1322 981 1509 1057 dum
1560 1003 1873 1059 manent
1928 984 2058 1057 illa
2131 981 2543 1083 (egoismus

381 1119 458 1176 et
519 1098 805 1204 imago)
872 1104 1074 1179 inter
1139 1131 1214 1180 se
1280 1130 1663 1196 connexa3
1752 1130 1794 1177 a
1865 1103 2180 1206 reliquis
2244 1101 2544 1178 duabus

382 1222 690 1297 liberari
766 1249 1160 1328 possumus
1229 1228 1649 1302 remotione
1721 1253 2044 1331 operum
2104 1246 2183 1302 et
2251 1226 2543 1334 sapien}

289 1350 509 1422 soatia.
608 1350 682 1423 Si
751 1350 1113 1450 egoismus
1182 1350 1413 1453 perit,
1496 1349 1581 1425 in
1630 1374 1895 1454 sopore
1943 1348 2239 1450 quieto,
2311 1349 2543 1454 etiam

380 1496 655 1573 corpus
737 1470 1083 1546 insensile
1186 1472 1322 1564 fit3
1420 1470 1896 1574 expandente
1982 1497 2128 1545 sese
2218 1471 2540 1571 egoismo

378 1619 717 1682 somnus,
773 1592 1061 1695 integra
1115 1617 1288 1667 vero
1339 1587 1446 1685 (h.
1493 1616 1552 1664 e.
1608 1593 1902 1692 integro
1952 1591 2277 1691 egoismo
2330 1615 2543 1694 prae-

285 1743 346 1781 11
381 1712 569 1808 dita)
619 1714 891 1816 vigilia.
995 1720 1397 1793 Internum
1448 1740 1863 1816 organum,
1937 1713 2313 1787 unitatem
2362 1737 2542 1784 cum

381 1838 709 1940 imagine
757 1836 995 1920 animi
1047 1836 1443 1939 cogitantis
1492 1836 1893 1940 adeptum,
1946 1835 2027 1910 in
2064 1835 2542 1921 somnoima-

285 1961 798 2062 mginationes
839 1962 1093 2063 fingit,
1145 1962 1228 2035 in
1286 1960 1541 2063 vigilia
1593 1979 1902 2035 externa
1945 1960 2258 2035 obiecta.
2361 1960 2541 2034 Corss

375 2086 783 2185 pusculum
818 2111 1103 2167 unum,
1156 2103 1432 2160 natura
1466 2111 1598 2157 sua
1632 2083 1965 2185 rigidum
1989 2138 2007 2173 ‚
2041 2084 2258 2157 cuius
2287 2082 2537 2157 caussa

379 2224 489 2278 est
537 2232 746 2279 mens
794 2225 870 2279 et
916 2208 1319 2308 egoismus,
1367 2208 1465 2280 ad
1521 2228 1663 2282 tres
1701 2228 1935 2283 status
1970 2207 2349 2311 pervenit,
2404 2234 2539 2278 na·

285 2335 351 2394 ¹3
379 2326 617 2403 scitur
664 2346 741 2403 et
790 2329 1137 2402 moritur.
1238 2331 1550 2431 Duplex
1599 2330 1806 2403 enim
1854 2330 2133 2402 erroris
2178 2328 2322 2403 vis:
2402 2324 2538 2403 falss

381 2441 586 2526 leudi
636 2470 714 2527 et
769 2450 1213 2554 obtegendi3
1282 2452 1391 2526 vis
1457 2451 1774 2525 fallendi
1841 2450 2225 2524 mundum
2299 2469 2538 2537 creat,

375 2575 593 2649 cuius
640 2574 956 2650 initium
1006 2593 1114 2650 est
1162 2574 1701 2678 corpusculum
1754 2571 1989 2663 illud,
2062 2572 2234 2647 finis
2283 2589 2538 2646 autem

278 2705 606 2784 ¹4ovum
668 2697 1133 2773 Brahmanis.
1271 2697 1571 2771 Creatio
1643 2713 1753 2770 est
1819 2695 2065 2772 omnis
2135 2693 2538 2798 productio

378 2818 708 2893 nominis
769 2838 847 2895 et
909 2821 1229 2912 formae,
1297 2841 1386 2896 ut
1434 2844 1746 2924 spumae
1794 2817 1877 2893 in
1926 2819 2156 2905 mari,
2199 2819 2314 2891 'in
2366 2837 2541 2894 ente

377 2942 820 3017 Brahmanis
869 2944 1116 3019 forma
1165 2943 1553 3049 praedito,
1621 2940 1831 3043 quod
1894 2943 2299 3043 qualitates
2370 2942 2537 3015 exi·

279 3063 661 3143 15stendi,
736 3063 1119 3166 cogitandi
1187 3083 1264 3139 et
1331 3064 1711 3138 felicitatis
1758 3061 2007 3136 habet.
2108 3061 2361 3134 Altera
2431 3064 2538 3138 vis

378 3186 582 3261 intra
632 3185 1148 3262 differentiam
1188 3187 1513 3261 videntis
1544 3204 1622 3261 et
1667 3186 2011 3267 visibilis,
2062 3201 2272 3256 extra
2308 3184 2539 3258 Brah-

375 3308 619 3382 manis
666 3325 744 3382 et
790 3306 1061 3383 mundi
1116 3307 1347 3381 creati
1396 3308 1737 3407 obtegit3
1812 3329 1898 3378 ea
1947 3322 2055 3380 est
2094 3305 2534 3408 sempiterni

281 3445 352 3508 16
376 3428 542 3529 gyri
591 3454 864 3503 caussa.
906 3439 938 3518 j
976 3431 1270 3502 Lumen
1326 3427 1561 3515 testi3‚
1627 3423 1976 3528 undique
2022 3428 2536 3531 resplendens,

374 3575 806 3626 connexum
839 3575 1017 3625 cum
1066 3550 1515 3652 corpusculo
1548 3548 1869 3649 ingressa
1917 3548 2158 3623 animi
2208 3552 2538 3652 cogitan-

278 3696 345 3761 ¹7
381 3670 473 3747 tis
537 3671 866 3774 imagine
933 3688 1043 3746 est
1101 3671 1403 3745 animus
1462 3670 1718 3745 vivens
1785 3668 2091 3743 activus.
2205 3673 2391 3746 Eius
2433 3675 2539 3748 vi-

375 3792 600 3869 vendi
650 3810 904 3872 status
932 3794 1259 3870 elatione
1292 3793 1520 3868 etiam
1565 3793 1648 3866 in
1682 3810 1860 3867 teste
1887 3811 2206 3897 apparet
2220 3825 2241 3886 3
2294 3793 2536 3871 deleta

375 3934 631 3992 autem
672 3916 748 3991 vi
799 3911 1200 4016 obtegendi
1247 3931 1323 3989 et
1372 3910 1764 3988 manifesta
1815 3911 2251 3988 differentia·
2300 3941 2538 3992 remo-
2606 3915 2614 3926 ’

282 4047 612 4134 18vetur.
714 4031 996 4114 Eodem
1064 4032 1288 4111 modo
1339 4060 1537 4137 quae
1583 4035 1692 4110 vis
1741 4026 2254 4110 differentiam
2308 4033 2535 4108 Brah-
