2964 4737
511 529 881 589 testantur
928 511 1308 619 librorum
1356 512 1813 617 epigraphae
1845 511 1969 605 ί),
2038 509 2428 585 asceticam
2499 506 2699 582 eius

509 635 741 712 vitam
804 635 1139 741 probant
1214 636 1423 714 tituli
1488 642 1706 733 πηέπ
1769 654 1846 711 et
1907 636 2206 730 αἱῗειππ.
2327 630 2696 708 Maxima

511 777 683 835 erat
747 761 1114 834 Sancarae
1197 759 1282 834 in
1375 759 1602 834 rebus
1688 756 2123 858 theologicis
2202 753 2635 829 auctoritas
2666 810 2692 843 ‚

510 881 803 1019 quippe
866 880 1005 983 qui
1074 880 1405 982 reliquas
1467 878 2097 983 philosophorum
2146 893 2376 951 sectas
2424 890 2512 948 et
2559 874 2696 948 in-

514 1002 783 1106 primis
830 1002 1241 1078 haereticos
1311 1018 1468 1078 tam
1531 1001 1855 1077 feliciter
1901 997 2361 1104 disputando
2411 997 2698 1100 impu-

513 1122 898 1261 gnaverit,
945 1139 1039 1196 ut
1085 1123 1181 1197 ab
1230 1149 1319 1199 eo
1369 1120 1554 1199 inde
1599 1140 1936 1225 tempore
1976 1120 2230 1196 schola
2248 1119 2693 1198 Vedantica

518 1246 859 1348 primum
899 1246 1157 1319 locum
1188 1244 1682 1350 obtinuerit
1735 1245 1955 1343 Hanc
1993 1241 2408 1344 theologiae
2440 1256 2693 1340 atque

513 1362 1043 1466 philosophiae
1089 1367 1443 1467 mysticae
1485 1365 1880 1442 victoriam
1914 1362 2494 1439 Crishna-Misra
2547 1386 2692 1463 po-

519 1484 891 1567 tissimum
958 1486 1355 1590 respexisse
1415 1484 1723 1560 videtur
1771 1486 1854 1560 in
1920 1487 2261 1560 dramate
2311 1509 2447 1556 suo
2484 1483 2690 1555 'alle-

517 1607 774 1709 gorico
802 1664 822 1699 ,
905 1606 1846 1710 Prabodhachandrodaya
1880 1665 1901 1692 ,
1992 1607 2088 1682 de
2153 1608 2372 1682 cuius
2435 1621 2689 1679 aetate

518 1756 764 1832 pauca
801 1747 1103 1806 tantum
1141 1756 1381 1831 eaque
1422 1729 1915 1804 incertissima
1954 1730 2281 1833 protulit
2311 1728 2690 1829 Taylorus

525 1848 818 1943 (Dedin.
853 1879 925 1956 p.
955 1850 1140 1945 IV.).
1239 1833 1759 1926 Inveniuntur
1806 1851 1891 1925 in
1942 1851 2079 1925 illo
2125 1850 2273 1926 loci
2321 1848 2684 1951 quidam,

525 1994 618 2043 ex
663 1969 946 2071 quibus
995 1970 1482 2074 perspicuum
1532 1988 1671 2060 est,
1722 1970 2064 2047 fabulam
2112 1991 2281 2078 post
2322 1971 2685 2054 ,Buddhi-

522 2109 812 2168 starum
859 2091 1458 2196 persecutionem
1518 2092 1803 2171 editam
1861 2120 2016 2171 esse
2073 2093 2171 2190 6);
2237 2121 2687 2172 commemo-

466 2286 475 2290 -
529 2230 751 2287 ratur
797 2212 1028 2287 etiam
1077 2214 1461 2302 Cumarila
1509 2214 1779 2292 Bhatta
1831 2216 1945 2321 (p.
2000 2224 2118 2294 81.
2143 2219 2190 2311 ).
2288 2224 2457 2324 Ipsa
2508 2245 2685 2293 vero

529 2333 995 2413 Vedanticae
1056 2334 1450 2416 doctrinae
1517 2339 1879 2443 expositio
1949 2341 2169 2416 nobis
2237 2358 2682 2443 argumento

532 2485 682 2537 esse
728 2478 1005 2564 potest,
1070 2459 1303 2534 etiam
1354 2480 1524 2564 post
1569 2464 2013 2553 Sancaram,
2063 2460 2540 2566 etquidem.
2598 2462 2680 2536 ni

531 2584 872 2659 multum
916 2581 1174 2672 fallor,
1224 2581 1524 2684 aliquot
1562 2586 1853 2659 saecula
1903 2604 2074 2690 post
2111 2614 2290 2663 eum
2332 2584 2682 2662 dramatis

532 2706 978 2809 scriptorem
1004 2704 1285 2780 vixisse.
1357 2712 1634 2783 Insunt
1666 2709 1873 2784 enim
1906 2709 2282 2811 quaedam
2320 2710 2679 2813 dogmata,

537 2828 948 2934 praecipue
1015 2823 1110 2900 de
1175 2827 1450 2908 mundi
1522 2828 1812 2932 origine
1841 2862 1870 2919 ,·
1948 2857 2145 2933 quae
2223 2832 2487 2906 seriori
2562 2829 2686 2905 de-

543 2976 761 3034 mum
801 2966 1046 3025 aetate
1089 2948 1389 3025 exculta
1425 2974 1573 3026 esse
1601 2950 2682 3029 'demonstravitColebrookius

561 3107 2681 3289 mmmmm

1010 3379 1011 3382 ,
787 3326 1081 3401 ·
787 3326 1238 3401 mete
1321 3320 1752 3401 Gaudapadam
1790 3320 2081 3381 Sancarae
2125 3322 2476 3432 magistrum
2519 3318 2686 3377 fuisse

790 3424 1041 3505 legimus
1086 3422 1249 3527 apud
1287 3424 1755 3485 Colebrookium
1782 3426 2089 3487 Transact.
2130 3426 2196 3499 Ι,
2247 3446 2307 3507 p.
2321 3423 2491 3496 23.‚
2530 3422 2680 3503 quod

788 3521 1056 3607 σφάλμα
1093 3505 1474 3610 μνημονικόν
1512 3537 1638 3591 esse
1678 3532 1979 3608 existim03
2022 3550 2162 3589 nam
2206 3529 2327 3589 alio
2372 3529 2505 3590 loco
2529 3530 2679 3588 Gau-

788 3632 1086 3715 dapadam
1110 3633 1612 3696 Govindanathae
1654 3635 1865 3695 doctol
1867 3656 1958 3694 em
1999 3634 2273 3696 nominat
2314 3633 2529 3719 (Asiat.
2550 3638 2677 3697 Res·

795 3740 983 3817 Vm,
1027 3761 1089 3821 p.
1129 3737 1342 3824 467),
1390 3763 1509 3823 qua
1552 3742 1628 3802 de
1668 3762 1735 3801 re
1778 3740 1929 3801 infra
1974 3761 2169 3802 sermo
2214 3743 2347 3807 erit.

633 3847 718 3932 g)
761 3868 818 3928 p.
853 3842 994 3907 63.:
1053 3848 1147 3905 tlte
1185 3846 1478 3928 Saugatas
1491 3849 1641 3933 fled
1677 3851 1799 3908 into
1836 3846 2118 3922 Sindlze'e,
2178 3848 2472 3908 Gaudkar
2491 3894 2509 3926 ‚
2547 3848 2677 3910 Ma-

794 3954 1000 4035 gadlza
1024 4000 1040 4029 ,
1083 3956 1302 4016 Andra
1321 4001 1337 4029 ,
1384 3956 1568 4016 Hoon
1587 3999 1607 4034 ‚
1658 3955 1760 4021 W
1756 3974 1949 4037 auga,
1997 3954 2224 4038 Kaling
2261 3971 2371 4019 etc.
2404 3958 2494 4018 the
2522 3976 2678 4018 coun-

744 4099 747 4112 κ
800 4065 936 4125 tries
962 4065 1056 4147 qf
1073 4065 1165 4127 tlae
1210 4064 1546 4129 Mlenchas.
