2964 4737
1561 176 1590 207 δ

1207 357 1687 449 ...37-

270 547 351 610 28
377 542 581 617 venti
650 545 1020 647 impetum
1088 548 1340 650 posita.
1444 553 1545 624 Ut
1595 553 1676 625 in
1731 548 1958 626 corde
2006 551 2237 628 etiam
2264 555 2371 629 aiu
2422 582 2535 632 re·

377 667 600 767 gione
646 686 987 758 externa,
1041 658 1506 774 quacunque
1556 674 1636 747 in
1676 701 1790 761 re,
1844 673 2091 778 prima
2141 675 2538 754 meditatio

379 806 489 861 est
538 788 857 863 remotio
910 792 1239 866 nominis
1279 812 1354 868 et
1390 795 1678 869 formae
1718 814 2034 898 propter
2065 799 2312 872 solum
2360 821 2540 875 esse.

280 926 360 991 29
381 911 536 984 Ens
586 908 1112 1004 individuum,
1165 942 1415 989 unum
1467 944 1811 1022 saporem
1854 918 2165 1005 habens,
2216 918 2542 1020 qualita-

386 1035 589 1110 tibus
636 1036 1036 1128 existendi,
1092 1040 1475 1142 cogitandi
1526 1060 1602 1154 et
1652 1042 2037 1118 felicitatis
2075 1040 2547 1146 praeditum,

385 1158 708 1233 unicum
773 1197 867 1211 —
927 1160 988 1233 si
1059 1159 1231 1262 quis
1296 1161 1402 1235 sic
1473 1161 1787 1264 cogitet,
1860 1188 1946 1236 ea
2021 1161 2375 1264 cogitatio
2439 1178 2549 1238 est

285 1284 363 1345 30
388 1278 780 1355 meditatio
855 1279 1122 1354 media.
1270 1282 1609 1359 Perfecta
1692 1281 1908 1384 quies
1983 1301 2062 1358 et
2142 1281 2543 1358 abstractio

389 1418 706 1504 propter
754 1419 1056 1499 gustum
1118 1400 1404 1505 saporis
1452 1400 1719 1477 eodem
1783 1402 2050 1494 mod0,
2123 1421 2218 1480 ut
2276 1431 2542 1508 supra,

389 1522 862 1625 perhibetur.
959 1523 1098 1598 His
1141 1548 1265 1598 sex
1313 1522 1825 1600 meditationis
1874 1526 2276 1627 generibus
2324 1549 2549 1600 omne

291 1647 359 1705 δι
397 1660 689 1748 tempus
737 1665 1123 1750 peragant.
1238 1647 1551 1722 Abiecta
1602 1649 1940 1754 corporis
1986 1648 2379 1755 superbia,
2429 1674 2551 1723 co·

394 1766 604 1867 gnito
652 1796 1003 1873 supremo
1051 1770 1339 1859 anim0‚
1393 1796 1861 1873 quocunque
1893 1797 2105 1847 mens
2145 1769 2552 1878 proficisci-

292 1893 369 1953 ὄπ
401 1908 577 1980 tur‚'
631 1893 741 1966 ibi
807 1892 1196 1971 meditatio
1262 1913 1386 1972 est.
1527 1895 1893 1971 Finditur
1960 1894 2206 1971 nodus
2270 1892 2552 1983 cordis,
2659 1908 2701 1963 Y

396 2011 914 2090 dissolvuntur
989 2041 1247 2094 omnes
1318 2013 1835 2092 dubitationes
1917 2018 2231 2120 eiusque
2322 2042 2554 2120 opera

293 2140 370 2201 53
397 2157 850 2212 evanescunt
895 2140 1047 2214 viso
1112 2164 1468 2243 supremo
1518 2138 1676 2214 illo.
1773 2139 2087 2244 Triplex
2135 2140 2389 2216 vivens
2437 2166 2557 2215 co-

397 2257 863 2355 gnoscendus
911 2279 1053 2335 ests
1128 2277 1546 2361 separatus,
1614 2259 1877 2333 animo
1942 2261 2319 2362 cogitante
2381 2259 2559 2335 i-llu-

398 2397 674 2455 stratus
726 2380 1147 2481 tertiusque
1198 2379 1285 2453 in
1331 2404 1594 2455 somno
1636 2380 1889 2472 fictus3
1940 2379 2221 2455 horum
2267 2384 2561 2486 primus

298 2502 377 2583 54
402 2502 623 2577 realis
671 2519 797 2576 est.
920 2501 1309 2607 Separatio
1376 2502 1551 2575 ficta
1608 2520 1750 2593 est,
1817 2502 2326 2607 separandum
2385 2529 2560 2578 vero

401 2623 637 2716 reale3
719 2622 805 2696 in
869 2646 958 2696 eo
1002 2622 1259 2697 'status
1333 2621 1647 2701 viventis
1706 2623 2036 2699 elatione
2109 2642 2251 2712 est,
2327 2641 2563 2700 status

298 2750 379 2813 55
402 2743 846 2820 Brahmanis
892 2763 1149 2821 autem
1197 2764 1464 2858 suapte
1526 2765 1823 2822 natura.
1922 2746 2261 2849 Separati
2310 2745 2565 2822 viven-

405 2869 498 2942 tis
545 2895 722 2943 cum
791 2887 947 2944 toto
998 2868 1422 2945 Brahmane
1487 2870 1866 2945 unitatem
1933 2871 2273 2946 cecinere
2319 2894 2565 2944 sacro·

405 3015 582 3065 rum
630 2990 1011 3084 librorum
1060 2990 1206 3064 loci
1246 3022 1261 3062 ε
1333 2991 1475 3061 hoc
1524 3005 1604 3063 tu
1650 3001 1729 3065 es
1780 2991 2109 3093 aliique,
2187 3017 2345 3066 non
2394 2988 2567 3064 reli-

303 3133 383 3195 36
405 3140 741 3217 quorum
809 3111 1143 3188 duorum
1205 3114 1646 3189 viventium.
1746 3117 1984 3190 Error
2043 3112 2186 3187 sub
2247 3110 2567 3186 fallendi

403 3255 482 3310 et
528 3232 930 3337 obtegendi
992 3237 1235 3311 forma
1300 3235 1384 3311 in
1452 3237 1878 3310 Brahmane
1940 3249 2305 3325 versatus,
2380 3232 2572 3308 divi-

402 3360 692 3433 sionem
759 3360 1114 3462 obtegens
1163 3348 1389 3434 in'eo
1460 3354 1843 3430 mundum
1891 3372 1968 3430 et
2016 3356 2394 3432 viventem
2441 3382 2575 3461 po·-

305 3488 380 3566 37
405 3479 543 3556 nit.
642 3483 923 3558 Vivens
972 3500 1229 3557 autem
1260 3478 1520 3554 animo
1569 3477 1947 3579 cogitante
1998 3479 2419 3556 illustratus
2468 3498 2578 3557 est
2624 3500 2631 3507 ·

407 3604 625 3694 ratio,
663 3631 860 3705 quae
896 3630 1128 3709 opera
1160 3601 1472 3677 fruendi
1507 3619 1645 3676 etc.
1683 3600 1987 3705 perficit
1997 3634 2018 3696 3
2058 3602 2159 3693 id,
2198 3629 2353 3704 quo
2386 3603 2577 3678 frui-

414 3741 579 3813 tur,
630 3742 828 3800 totus
868 3725 998 3799 hic
1036 3723 1372 3800 mundus
1410 3743 1551 3813 est,
1601 3748 1695 3797 ex
1729 3722 2120 3797 elementis
2157 3749 2578 3830 eorumque

306 3862 387 3925 58
413 3848 772 3950 progenie
810 3850 1229 3924 consistens.
1306 3845 1497 3923 Inde
1532 3847 1630 3920 ab
1669 3863 1977 3921 aeterno
2025 3864 2362 3951 tempore
2398 3869 2577 3926 ante

412 3973 942 4048 liberationem
991 3973 1175 4046 haec
1225 3972 1406 4076 dyas
1456 3973 1537 4045 in
1576 3971 1880 4045 actione
1908 3987 2285 4062 versatur-3
2336 3997 2575 4073 quare

312 4110 390 4191 59
413 4113 830 4201 utrumque
881 4096 1211 4170 activum
1261 4094 1671 4198 appellant.
1772 4094 2008 4197 Sopor
2061 4093 2202 4166 sub
2253 4091 2574 4167 fallendi
