2964 4737
1197 287 1741 381 -159-

373 503 523 575 est,
574 469 685 569 et,
735 469 920 586 quia
972 481 1119 558 hoc
1167 482 1620 560 mutationis
1671 483 2133 560 desiderium
2187 483 2580 587 sempiter-

380 618 586 684 num*
631 624 776 696 est,
843 608 1076 683 etiam
1144 608 1615 683 creationem
1679 610 2223 714 sempiternam
2273 633 2424 683 esse
2471 634 2581 683 se-

378 733 661 835 quitur
703 732 1043 825 (tantum
1092 731 1408 806 relative
1459 733 1700 834 igitur
1749 731 1844 805 de
1879 732 2107 808 initio
2143 758 2389 807 sermo
2432 757 2583 809 esse

378 851 692 960 potest);
775 854 1044 930 effecta
1112 873 1377 932 autem
1450 855 2031 959 multiplicitate
2096 855 2585 956 singulorum

381 1004 618 1083 opera
680 1003 822 1081 per
884 976 1404 1079 ignorantiam
1469 997 1910 1085 perpetrata
1958 977 2352 1053 variarum
2404 1004 2587 1051 con-

384 1101 778 1177 ditionum
815 1126 1071 1176 caussa
1099 1121 1322 1196 sunt3
1373 1103 1814 1206 cognitione
1861 1129 2041 1178 vcro
2095 1102 2282 1177 haec
2330 1127 2586 1176 caussa

384 1224 857 1318 destruitur3
939 1250 1169 1298 omne
1242 1225 1539 1330 quippe
1609 1223 1905 1300 delusio
1971 1245 2048 1315 et
2129 1224 2588 1328 phantasma

386 1365 533 1431 est,
601 1346 934 1420 Brahma
998 1347 1249 1422 solum
1298 1374 1475 1425 vere
1527 1369 1658 1426 est.
1759 1348 2168 1423 Sufficiant
2233 1346 2423 1421 haec
2492 1343 2589 1418 'de

389 1468 844 1545 Brahmanis
893 1468 1211 1543 essentia
1262 1486 1499 1572 atque
1550 1469 1645 1545 de
1693 1469 1972 1547 mundi
2026 1471 2356 1572 origine3
2432 1469 2588 1543 iam

388 1589 952 1677 transeundum
979 1591 1078 1667 ad
1128 1591 1555 1671 humanam
1594 1594 1952 1669 naturam
1988 1590 2588 1669 describendam.

1188 1834 1782 1849 ———-——————-0·-—-——-

1443 2075 1547 2168 C.

545 2310 905 2391 Hominis
962 2327 1324 2387 natuiam
1377 2307 1765 2413 praeclare
1815 2303 2233 2382 adumbnat
2281 2304 2412 2381 hic
2461 2308 2598 2386 Ca-

409 3425 674 3513 „Duos
731 3445 1004 3496 verum
1054 3415 1169 3514 (h.
1219 3440 1285 3491 e.
1338 3411 1815 3509 mercedem)
1882 3414 2233 3492 hibentes
2283 3441 2609 3521 operum

407 3572 732 3624 suorum
801 3545 883 3619 in
953 3538 1284 3624 mundo,
1371 3563 1777 3614 cavernam
1855 3539 2219 3642 ingressos
2287 3541 2372 3615 in
2441 3540 2609 3616 loco

409 3695 770 3773 supremo
820 3685 896 3740 et
954 3661 1581 3739 excellentissimo
1634 3661 1994 3735 umbram
2044 3679 2121 3736 et
2170 3662 2437 3738 lumen
2487 3690 2613 3738 vo·

414 3812 599 3871 cant
648 3787 976 3865 Brahma
1025 3787 1385 3875 seientes,
1461 3785 1603 3889 qui
1657 3786 2010 3887 quinque
2063 3785 2272 3888 ignes
2308 3787 2615 3863 ,habent

415 3934 496 3992 et
550 3912 698 3990 tria
758 3911 1151 3988 sacrificia.
1223 3949 1319 3967 —
1412 3908 1788 3985 Animum
1861 3937 2139 3986 currus
2205 3909 2613 3986 dominum

417 4065 568 4118 esse
630 4037 858 4128 scito,
930 4061 1210 4139 corpus
1279 4058 1457 4109 vero
1528 4060 1852 4108 currum
1871 4067 1892 4126 3
1974 4033 2352 4109 rationem
2422 4034 2609 4114 scito
