2964 4737
1179 317 1734 414 22-..1-47...

373 503 515 585 ‹lae
562 531 695 585 sua
754 524 1032 585 natura
1084 532 1339 583 caussa
1374 509 1725 592 efficiens,
1756 512 2116 616 eorporis
2144 511 2264 588 sui
2296 532 2576 592 natura

369 650 630 705 caussa
691 631 1107 706 materialis
1171 650 1298 706 est.
1320 636 1367 694 ‘-‘
1467 633 1678 709 Alibi
1742 651 1952 709 totus
2000 635 2345 712 mundus
2392 665 2575 713 cum

375 771 679 828 textura
747 773 1277 857 comparatur,
1346 756 1567 839 cuius
1613 775 1910 831 stamen
1955 775 2033 832 et
2085 775 2329 835 textor
2368 761 2580 834 Deus

374 875 535 978 ipse
584 893 694 950 est
710 908 730 969 ;
781 874 879 950 cf.
924 875 1393 952 Colebrooke
1422 882 1542 953 As.
1580 881 1738 953 Res.
1761 881 1985 962 VIII,
2038 909 2110 985 p.
2133 887 2299 979 594.
2400 883 2578 958 Vri-

375 995 1001 1099 hadaranyacum
1052 1024 1177 1101 ap.
1222 1001 1440 1073 Sane..
1478 1002 1554 1073 B.
1590 1001 1656 1073 S.
1691 1004 1760 1086 1,
1802 1006 1883 1089 3,
1938 1029 2040 1075 io.
2088 1029 2304 1104 p.72.
2352 1005 2578 1099 δεῖ-ἐπῇ

374 1141 678 1191 (erearum
722 1141 879 1190 :sam
926 1112 1162 1190 ἓτῆτὲτῆ
1202 1140 1251 1195 ετ
1298 1108 1584 1205 effen&
1627 1125 1814 1217 ,πῆξ-
1859 1115 2015 1192 mfii
2061 1145 2294 1212 επῆππῐ
2340 1127 2580 1208 afim-

369 1263 741 1336 W
795 1264 806 1306 ι
867 1241 1199 1342 „inquo
1258 1241 1569 1321 tandem
1622 1243 1889 1317 aether
1942 1262 2188 1318 textus
2238 1264 2317 1319 et
2363 1267 2581 1323 sutus

374 1363 533 1436 est?
596 1364 739 1445 Ille
807 1360 1038 1437 dixit:
1115 1361 1534 1440 indelebile
1602 1363 1838 1452 illud,
1911 1392 1957 1439 o
2010 1367 2286 1466 Gargi,
2351 1369 2581 1469 quod

355 1484 855 1567 ‚Brahmanae
922 1509 1182 1587 neque
1247 1510 1579 1565 crassum
1645 1511 1900 1586 neque
1965 1489 2253 1563 subtile
2319 1492 2582 1594 appel-

374 1608 615 1687 lant.“
690 1594 1297 1694 Deum-intem„
1331 1607 1479 1707 qui,
1511 1606 1653 1687 hac
1688 1607 1990 1683 ratione
2030 1611 2263 1683 totius
2300 1611 2580 1687 mundi

357 1727 801 1804 substantia
851 1744 1002 1818 est,
1078 1726 1253 1803 ideo
1298 1725 1829 1830 Upanishades
1874 1728 2103 1807 modo
2153 1732 2581 1820 aetherem,

369 1848 607 1935 modo
657 1849 971 1938 lumen,
1023 1848 1253 1925 modo
1297 1868 1654 1936 ventum,
1710 1849 1936 1923 modo
1977 1851 2338 1954 spiritum
2389 1852 2581 1938 vita-

370 1972 564 2060 lem,
652 1968 882 2048 modo
953 1972 1290 2046 calorem
1368 1972 1807 2047 naturalem
1883 1974 2284 2076 appellant
2318 2030 2339 2062 ,
2416 1986 2577 2048 no'n

361 2120 529 2194 ‚quo
563 2093 728 2166 eius
765 2093 1112 2194 potentia
1143 2093 1279 2167 tali
1329 2094 1908 2196 comparatione
1957 2094 2396 2184 minuatur,
2446 2094 2578 2170 sed

369 2240 532 2316 quo
583 2237 763 2287 eum
827 2209 1141 2312 quidvis
1209 2239 1577 2313 magnum
1626 2232 1705 2288 et
1753 2214 2009 2289 vivens
2059 2242 2210 2293 esse
2261 2216 2576 2293 demon·-

368 2353 684 2413 stretur.
785 2336 909 2414 Sic
957 2335 1168 2411 Deus
1215 2350 1326 2410 est
1374 2333 1657 2408 aureus
1705 2335 1837 2412 ille
1894 2336 2038 2425 vir,
2082 2336 2232 2439 qui
2284 2339 2372 2412 in
2417 2340 2575 2416 sole
2620 2389 2625 2394 ·

367 2461 866 2564 conspicitur
968 2455 1571 2559 Chhandogy.1,
1614 2460 1682 2531 6.
1732 2480 1776 2528 π
1821 2454 2270 2556 ῖεῆεειῖτὲῖῖῑ
2314 2462 2570 2557 fef-uw-

361 2579 725 2683 ww*
797 2574 2574 2722 wwaffiwffiwmfflwfflw

367 2698 1163 2803 εειπῐέτςπτῖἥτεεπῦπῆωῆ
1225 2701 1725 2787 πτὼξ-[ἔσπετε
1804 2704 2005 2791 „Vir
2055 2705 2222 2799 ille,
2289 2706 2430 2808 qui
2484 2708 2571 2783 in

365 2830 525 2906 sole
576 2826 1090 2933 conspicitur,
1140 2852 1452 2915 aureus,
1504 2831 1830 2901 auream‘
1867 2825 2190 2908 barbam
2244 2826 2568 2921 habens,

363 2976 638 3026 aureos
702 2951 954 3026 crines
988 3004 1009 3036 ,
1094 2946 1196 3022 ad
1267 2973 1566 3048 ungues
1639 2973 1885 3049 usque
1966 2968 2171 3027 totus
2243 2980 2523 3029 aurum
2548 2987 2569 3047 3

365 3073 574 3152 oculi
625 3071 790 3145 eius
835 3067 1058 3172 quasi
1110 3068 1543 3172 nymphaea
1605 3085 1829 3156 sunt,
1903 3097 2341 3173 nomenque
2404 3077 2570 3150 eius

363 3196 620 3274 oriens
643 3188 723 3286 ‘*)
822 3191 1415 3296 (Interpretatus
1472 3208 1585 3267 est
1649 3189 1863 3266 hunc
1927 3192 2185 3268 locum
2237 3197 2565 3273 Sancara

366 3320 445 3393 B.
471 3321 632 3407 S.I,
690 3342 756 3401 ι,
811 3340 925 3388 20.
977 3341 1054 3416 p.
1091 3319 1208 3388 50.
1251 3312 1529 3414 sqq.).“
1628 3314 1903 3390 Totam
1958 3312 2161 3390 hanc
2214 3315 2309 3390 de
2360 3319 2561 3409 Deo,

366 3437 646 3520 mundi
697 3455 1042 3512 creatore
1089 3453 1168 3509 et
1213 3434 1640 3514 substantia
1692 3433 2168 3527 doctrinam,
2220 3465 2310 3513 ex
2362 3442 2563 3544 Upa-

363 3560 819 3638 nishadibus
869 3558 1326 3646 derivatam,
1361 3623 1366 3628 .
1397 3558 1662 3660 paucis
1711 3558 2170 3661 aphorismis
2219 3588 2564 3668 comprec-

362 3684 644 3762 hendit
690 3688 1101 3762 Sutrorum
1150 3682 1513 3785 scriptor,
1568 3708 1613 3755 a
1643 3683 1969 3757 Sancara
2022 3685 2186 3758 fuse
2234 3689 2562 3791 explica-

365 3808 497 3898 tis,
569 3809 652 3882 in
704 3806 992 3910 quibus
1042 3806 1142 3881 ob
1194 3805 1303 3879 rei
1358 3803 1809 3905 gravitatem
1858 3806 2224 3906 nonnihil
2299 3836 2558 3888 more·-

445 4079 510 4151 Ὅ
555 4076 654 4139 En
693 4073 804 4136 tibi
844 4073 1154 4135 Christum
1196 4082 1258 4132 et
1291 4072 1841 4154 splenditenentem
1870 4075 2392 4137 Manichaeorum.
