<?xml version="1.0" encoding="UTF-8"?>
<!DOCTYPE html PUBLIC "-//W3C//DTD XHTML 1.0 Transitional//EN"
    "http://www.w3.org/TR/xhtml1/DTD/xhtml1-transitional.dtd">
<html xmlns="http://www.w3.org/1999/xhtml" xml:lang="en" lang="en">
 <head>
  <title>
</title>
<meta http-equiv="Content-Type" content="text/html;charset=utf-8" />
  <meta name='ocr-system' content='tesseract 3.04.00' />
  <meta name='ocr-capabilities' content='ocr_page ocr_carea ocr_par ocr_line ocrx_word'/>
</head>
<body>
  <div class='ocr_page' id='page_1' title='image "./sancarasivedeth00windgoog_0017.png"; bbox 0 0 2964 4737; ppageno 0'>
   <div class='ocr_carea' id='block_1_1' title="bbox 1297 335 1870 385">
    <p class='ocr_par' dir='ltr' id='par_1_1' title="bbox 1297 335 1870 385">
     <span class='ocr_line' id='line_1_1' title="bbox 1297 335 1870 385; baseline 0.003 -8"><span class='ocrx_word' id='word_1_1' title='bbox 1297 335 1870 385; x_wconf 65' lang='lat' dir='ltr'><strong>·—-xv--‚</strong></span> 
     </span>
    </p>
   </div>
   <div class='ocr_carea' id='block_1_2' title="bbox 348 530 2610 4080">
    <p class='ocr_par' dir='ltr' id='par_1_2' title="bbox 348 530 2610 3504">
     <span class='ocr_line' id='line_1_2' title="bbox 460 530 2604 639; baseline 0.001 -33"><span class='ocrx_word' id='word_1_2' title='bbox 460 530 967 635; x_wconf 82' lang='lat' dir='ltr'><strong>Chhandogya</strong></span> <span class='ocrx_word' id='word_1_3' title='bbox 1041 534 1484 636; x_wconf 79' lang='lat' dir='ltr'><strong>interpretes</strong></span> <span class='ocrx_word' id='word_1_4' title='bbox 1553 536 1820 609; x_wconf 76' lang='lat' dir='ltr'><strong>Persici</strong></span> <span class='ocrx_word' id='word_1_5' title='bbox 1889 539 2267 639; x_wconf 82' lang='lat' dir='ltr'><strong>exemplar</strong></span> <span class='ocrx_word' id='word_1_6' title='bbox 2342 537 2604 611; x_wconf 88' lang='lat' dir='ltr'><strong>decur-</strong></span> 
     </span>
     <span class='ocr_line' id='line_1_3' title="bbox 466 669 2607 775; baseline 0 -30"><span class='ocrx_word' id='word_1_7' title='bbox 466 689 699 745; x_wconf 83' lang='lat' dir='ltr'><strong>tatum</strong></span> <span class='ocrx_word' id='word_1_8' title='bbox 774 671 1007 742; x_wconf 86' lang='lat' dir='ltr'><strong>secuti</strong></span> <span class='ocrx_word' id='word_1_9' title='bbox 1079 695 1221 741; x_wconf 90' lang='lat' dir='ltr'><strong>esse</strong></span> <span class='ocrx_word' id='word_1_10' title='bbox 1292 669 1670 743; x_wconf 87' lang='lat' dir='ltr'><strong>videntur.</strong></span> <span class='ocrx_word' id='word_1_11' title='bbox 1795 672 2173 745; x_wconf 85' lang='lat' dir='ltr'><strong>Habemus</strong></span> <span class='ocrx_word' id='word_1_12' title='bbox 2248 674 2452 775; x_wconf 82' lang='lat' dir='ltr'><strong>enim</strong></span> <span class='ocrx_word' id='word_1_13' title='bbox 2523 674 2607 747; x_wconf 91' lang='lat' dir='ltr'><strong>in</strong></span> 
     </span>
     <span class='ocr_line' id='line_1_4' title="bbox 456 809 2606 912; baseline 0.001 -31"><span class='ocrx_word' id='word_1_14' title='bbox 456 811 792 911; x_wconf 60' lang='lat' dir='ltr'><strong>yersione</strong></span> <span class='ocrx_word' id='word_1_15' title='bbox 842 809 1386 908; x_wconf 83' lang='lat' dir='ltr'><strong>Anquetiliana</strong></span> <span class='ocrx_word' id='word_1_16' title='bbox 1457 810 1687 910; x_wconf 88' lang='lat' dir='ltr'><strong>primi</strong></span> <span class='ocrx_word' id='word_1_17' title='bbox 1756 810 2019 912; x_wconf 85' lang='lat' dir='ltr'><strong>capitis</strong></span> <span class='ocrx_word' id='word_1_18' title='bbox 2073 828 2371 885; x_wconf 89' lang='lat' dir='ltr'><strong>tantum</strong></span> <span class='ocrx_word' id='word_1_19' title='bbox 2420 837 2606 910; x_wconf 89' lang='lat' dir='ltr'><strong>qua-</strong></span> 
     </span>
     <span class='ocr_line' id='line_1_5' title="bbox 462 946 2608 1051; baseline 0.002 -31"><span class='ocrx_word' id='word_1_20' title='bbox 462 967 630 1021; x_wconf 83' lang='lat' dir='ltr'><strong>tuor</strong></span> <span class='ocrx_word' id='word_1_21' title='bbox 664 947 951 1049; x_wconf 87' lang='lat' dir='ltr'><strong>priores</strong></span> <span class='ocrx_word' id='word_1_22' title='bbox 979 948 1336 1022; x_wconf 80' lang='lat' dir='ltr'><strong>sectiones</strong></span> <span class='ocrx_word' id='word_1_23' title='bbox 1369 947 1653 1050; x_wconf 86' lang='lat' dir='ltr'><strong>(Oupn.</strong></span> <span class='ocrx_word' id='word_1_24' title='bbox 1679 953 1731 1037; x_wconf 94' lang='lat'><strong>1,</strong></span> <span class='ocrx_word' id='word_1_25' title='bbox 1757 976 1825 1051; x_wconf 89' lang='lat' dir='ltr'><strong>p.</strong></span> <span class='ocrx_word' id='word_1_26' title='bbox 1873 948 1953 1022; x_wconf 81' lang='lat'><strong>15</strong></span> <span class='ocrx_word' id='word_1_27' title='bbox 1985 987 2073 1017; x_wconf 53' lang='grc' dir='ltr'><strong>ε·-</strong></span> <span class='ocrx_word' id='word_1_28' title='bbox 2107 946 2284 1040; x_wconf 86' lang='lat'>21.);</span> <span class='ocrx_word' id='word_1_29' title='bbox 2335 947 2608 1024; x_wconf 87' lang='lat' dir='ltr'><strong>desunt</strong></span> 
     </span>
     <span class='ocr_line' id='line_1_6' title="bbox 457 1082 2607 1186; baseline 0.001 -32"><span class='ocrx_word' id='word_1_30' title='bbox 457 1082 732 1159; x_wconf 85' lang='lat' dir='ltr'><strong>deinde</strong></span> <span class='ocrx_word' id='word_1_31' title='bbox 780 1086 1140 1158; x_wconf 85' lang='lat' dir='ltr'><strong>sectiones</strong></span> <span class='ocrx_word' id='word_1_32' title='bbox 1189 1085 1269 1174; x_wconf 88' lang='lat'><strong>5,</strong></span> <span class='ocrx_word' id='word_1_33' title='bbox 1327 1087 1415 1171; x_wconf 85' lang='lat'><strong>6,</strong></span> <span class='ocrx_word' id='word_1_34' title='bbox 1473 1114 1556 1181; x_wconf 83' lang='lat'><strong>73</strong></span> <span class='ocrx_word' id='word_1_35' title='bbox 1607 1101 2035 1186; x_wconf 77' lang='lat' dir='ltr'><strong>sequuntur</strong></span> <span class='ocrx_word' id='word_1_36' title='bbox 2087 1086 2366 1159; x_wconf 88' lang='lat' dir='ltr'><strong>iterum</strong></span> <span class='ocrx_word' id='word_1_37' title='bbox 2411 1084 2607 1157; x_wconf 85' lang='lat' dir='ltr'><strong>duae</strong></span> 
     </span>
     <span class='ocr_line' id='line_1_7' title="bbox 457 1217 2608 1325; baseline 0.001 -32"><span class='ocrx_word' id='word_1_38' title='bbox 457 1222 571 1325; x_wconf 87' lang='lat' dir='ltr'><strong>(p.</strong></span> <span class='ocrx_word' id='word_1_39' title='bbox 604 1217 1007 1313; x_wconf 81' lang='lat'><strong>21—23);</strong></span> <span class='ocrx_word' id='word_1_40' title='bbox 1078 1221 1248 1294; x_wconf 85' lang='lat' dir='ltr'><strong>finis</strong></span> <span class='ocrx_word' id='word_1_41' title='bbox 1295 1238 1551 1295; x_wconf 86' lang='lat' dir='ltr'><strong>autem</strong></span> <span class='ocrx_word' id='word_1_42' title='bbox 1603 1217 1819 1310; x_wconf 87' lang='lat' dir='ltr'><strong>(sect.</strong></span> <span class='ocrx_word' id='word_1_43' title='bbox 1878 1219 2234 1312; x_wconf 78' lang='lat'><strong>10—13)</strong></span> <span class='ocrx_word' id='word_1_44' title='bbox 2301 1222 2608 1297; x_wconf 86' lang='lat' dir='ltr'><strong>omissus</strong></span> 
     </span>
     <span class='ocr_line' id='line_1_8' title="bbox 458 1342 2609 1463; baseline 0.001 -32"><span class='ocrx_word' id='word_1_45' title='bbox 458 1378 564 1434; x_wconf 88' lang='lat' dir='ltr'><strong>est</strong></span> <span class='ocrx_word' id='word_1_46' title='bbox 580 1394 599 1452; x_wconf 89' lang='lat'>;</span> <span class='ocrx_word' id='word_1_47' title='bbox 650 1361 752 1433; x_wconf 89' lang='lat' dir='ltr'><strong>sic</strong></span> <span class='ocrx_word' id='word_1_48' title='bbox 802 1362 1030 1435; x_wconf 86' lang='lat' dir='ltr'><strong>etiam</strong></span> <span class='ocrx_word' id='word_1_49' title='bbox 1083 1342 1327 1435; x_wconf 82' lang='lat' dir='ltr'><strong>totum</strong></span> <span class='ocrx_word' id='word_1_50' title='bbox 1376 1379 1609 1463; x_wconf 88' lang='lat' dir='ltr'><strong>caput</strong></span> <span class='ocrx_word' id='word_1_51' title='bbox 1657 1357 2074 1434; x_wconf 88' lang='lat' dir='ltr'><strong>secundum</strong></span> <span class='ocrx_word' id='word_1_52' title='bbox 2115 1386 2293 1435; x_wconf 89' lang='lat' dir='ltr'><strong>cum</strong></span> <span class='ocrx_word' id='word_1_53' title='bbox 2328 1360 2609 1436; x_wconf 89' lang='lat' dir='ltr'><strong>duode-</strong></span> 
     </span>
     <span class='ocr_line' id='line_1_9' title="bbox 460 1499 2610 1603; baseline 0.001 -33"><span class='ocrx_word' id='word_1_54' title='bbox 460 1499 608 1572; x_wconf 85' lang='lat' dir='ltr'><strong>cim</strong></span> <span class='ocrx_word' id='word_1_55' title='bbox 667 1499 1056 1603; x_wconf 83' lang='lat' dir='ltr'>prioribus</span> <span class='ocrx_word' id='word_1_56' title='bbox 1116 1499 1572 1573; x_wconf 79' lang='lat' dir='ltr'><strong>sectionibus</strong></span> <span class='ocrx_word' id='word_1_57' title='bbox 1640 1499 1862 1572; x_wconf 89' lang='lat' dir='ltr'><strong>tertii.</strong></span> <span class='ocrx_word' id='word_1_58' title='bbox 1963 1502 2344 1600; x_wconf 85' lang='lat' dir='ltr'><strong>Integram</strong></span> <span class='ocrx_word' id='word_1_59' title='bbox 2408 1501 2610 1573; x_wconf 84' lang='lat' dir='ltr'><strong>inve·</strong></span> 
     </span>
     <span class='ocr_line' id='line_1_10' title="bbox 458 1633 2608 1740; baseline -0 -29"><span class='ocrx_word' id='word_1_60' title='bbox 458 1638 708 1711; x_wconf 87' lang='lat' dir='ltr'><strong>nimus</strong></span> <span class='ocrx_word' id='word_1_61' title='bbox 759 1639 1137 1739; x_wconf 87' lang='lat' dir='ltr'><strong>reliquam</strong></span> <span class='ocrx_word' id='word_1_62' title='bbox 1190 1638 1393 1712; x_wconf 87' lang='lat' dir='ltr'><strong>tertii</strong></span> <span class='ocrx_word' id='word_1_63' title='bbox 1448 1655 1738 1740; x_wconf 89' lang='lat' dir='ltr'><strong>partem</strong></span> <span class='ocrx_word' id='word_1_64' title='bbox 1786 1637 1888 1738; x_wconf 89' lang='lat' dir='ltr'><strong>(p.</strong></span> <span class='ocrx_word' id='word_1_65' title='bbox 1939 1633 2322 1726; x_wconf 80' lang='lat'>23—28)‚</span> <span class='ocrx_word' id='word_1_66' title='bbox 2378 1656 2608 1738; x_wconf 86' lang='lat' dir='ltr'><strong>caput</strong></span> 
     </span>
     <span class='ocr_line' id='line_1_11' title="bbox 453 1773 2602 1878; baseline 0 -29"><span class='ocrx_word' id='word_1_67' title='bbox 453 1794 815 1876; x_wconf 87' lang='lat' dir='ltr'><strong>quartum</strong></span> <span class='ocrx_word' id='word_1_68' title='bbox 882 1774 1001 1878; x_wconf 80' lang='lat' dir='ltr'><strong>(p.</strong></span> <span class='ocrx_word' id='word_1_69' title='bbox 1062 1780 1153 1851; x_wconf 81' lang='lat'><strong>28</strong></span> <span class='ocrx_word' id='word_1_70' title='bbox 1191 1817 1288 1833; x_wconf 89' lang='lat'><strong>—</strong></span> <span class='ocrx_word' id='word_1_71' title='bbox 1324 1773 1497 1868; x_wconf 76' lang='lat'><strong>41),</strong></span> <span class='ocrx_word' id='word_1_72' title='bbox 1583 1776 1947 1876; x_wconf 84' lang='lat' dir='ltr'><strong>quintum</strong></span> <span class='ocrx_word' id='word_1_73' title='bbox 2019 1773 2130 1875; x_wconf 89' lang='lat' dir='ltr'><strong>(p.</strong></span> <span class='ocrx_word' id='word_1_74' title='bbox 2179 1784 2262 1867; x_wconf 77' lang='lat'><strong>41</strong></span> <span class='ocrx_word' id='word_1_75' title='bbox 2308 1776 2602 1870; x_wconf 85' lang='lat' dir='ltr'><strong>-5o)‚</strong></span> 
     </span>
     <span class='ocr_line' id='line_1_12' title="bbox 348 1896 2607 2017; baseline 0.001 -31"><span class='ocrx_word' id='word_1_76' title='bbox 348 1896 353 1909; x_wconf 51' lang='grc'><em>’</em></span> <span class='ocrx_word' id='word_1_77' title='bbox 454 1933 741 1989; x_wconf 87' lang='lat' dir='ltr'><strong>sextum</strong></span> <span class='ocrx_word' id='word_1_78' title='bbox 792 1913 893 2016; x_wconf 86' lang='lat' dir='ltr'><strong>(p.</strong></span> <span class='ocrx_word' id='word_1_79' title='bbox 929 1911 1321 1996; x_wconf 73' lang='grc'>50-65),</span> <span class='ocrx_word' id='word_1_80' title='bbox 1373 1916 1779 2016; x_wconf 87' lang='lat' dir='ltr'><strong>septimum</strong></span> <span class='ocrx_word' id='word_1_81' title='bbox 1830 1913 1935 2017; x_wconf 81' lang='lat' dir='ltr'><strong>(p.</strong></span> <span class='ocrx_word' id='word_1_82' title='bbox 1957 1912 2048 1987; x_wconf 86' lang='lat'><strong>65</strong></span> <span class='ocrx_word' id='word_1_83' title='bbox 2078 1950 2169 1964; x_wconf 92' lang='lat'><em>-</em></span> <span class='ocrx_word' id='word_1_84' title='bbox 2203 1912 2353 2011; x_wconf 80' lang='lat'>79),</span> <span class='ocrx_word' id='word_1_85' title='bbox 2408 1934 2607 1989; x_wconf 88' lang='lat' dir='ltr'><strong>octa-</strong></span> 
     </span>
     <span class='ocr_line' id='line_1_13' title="bbox 454 2047 2607 2156; baseline -0.003 -28"><span class='ocrx_word' id='word_1_86' title='bbox 454 2080 629 2128; x_wconf 89' lang='lat' dir='ltr'><strong>vum</strong></span> <span class='ocrx_word' id='word_1_87' title='bbox 684 2053 804 2156; x_wconf 85' lang='lat' dir='ltr'><strong>(p.</strong></span> <span class='ocrx_word' id='word_1_88' title='bbox 870 2047 1255 2149; x_wconf 80' lang='lat'><strong>79—97).</strong></span> <span class='ocrx_word' id='word_1_89' title='bbox 1310 2088 1399 2103; x_wconf 90' lang='lat'><strong>-·-</strong></span> <span class='ocrx_word' id='word_1_90' title='bbox 1501 2051 1991 2154; x_wconf 81' lang='lat' dir='ltr'><strong>Quantopere</strong></span> <span class='ocrx_word' id='word_1_91' title='bbox 2059 2074 2332 2124; x_wconf 83' lang='lat' dir='ltr'><strong>aureae</strong></span> <span class='ocrx_word' id='word_1_92' title='bbox 2398 2053 2607 2124; x_wconf 88' lang='lat' dir='ltr'><strong>Cole-</strong></span> 
     </span>
     <span class='ocr_line' id='line_1_14' title="bbox 455 2188 2603 2293; baseline -0.002 -27"><span class='ocrx_word' id='word_1_93' title='bbox 455 2194 787 2274; x_wconf 83' lang='lat' dir='ltr'><strong>brookii,</strong></span> <span class='ocrx_word' id='word_1_94' title='bbox 882 2192 1022 2265; x_wconf 90' lang='lat' dir='ltr'><strong>viri</strong></span> <span class='ocrx_word' id='word_1_95' title='bbox 1090 2190 1404 2279; x_wconf 84' lang='lat' dir='ltr'><strong>summi,</strong></span> <span class='ocrx_word' id='word_1_96' title='bbox 1504 2189 1595 2262; x_wconf 92' lang='lat' dir='ltr'><strong>de</strong></span> <span class='ocrx_word' id='word_1_97' title='bbox 1679 2188 2049 2264; x_wconf 86' lang='lat' dir='ltr'><strong>Indorum</strong></span> <span class='ocrx_word' id='word_1_98' title='bbox 2125 2189 2603 2293; x_wconf 82' lang='lat' dir='ltr'><strong>philosophia</strong></span> 
     </span>
     <span class='ocr_line' id='line_1_15' title="bbox 461 2325 2604 2426; baseline 0.001 -27"><span class='ocrx_word' id='word_1_99' title='bbox 461 2326 1011 2400; x_wconf 79' lang='lat' dir='ltr'><strong>dissertationes</strong></span> <span class='ocrx_word' id='word_1_100' title='bbox 1062 2345 1136 2398; x_wconf 91' lang='lat' dir='ltr'><strong>et</strong></span> <span class='ocrx_word' id='word_1_101' title='bbox 1188 2327 1593 2426; x_wconf 83' lang='lat' dir='ltr'><strong>praecipue</strong></span> <span class='ocrx_word' id='word_1_102' title='bbox 1643 2351 1765 2412; x_wconf 77' lang='lat' dir='ltr'><strong>ea,</strong></span> <span class='ocrx_word' id='word_1_103' title='bbox 1834 2352 2066 2426; x_wconf 88' lang='lat' dir='ltr'><strong>quam</strong></span> <span class='ocrx_word' id='word_1_104' title='bbox 2117 2326 2209 2399; x_wconf 88' lang='lat' dir='ltr'><strong>de</strong></span> <span class='ocrx_word' id='word_1_105' title='bbox 2259 2325 2604 2402; x_wconf 86' lang='lat' dir='ltr'><strong>doctrina</strong></span> 
     </span>
     <span class='ocr_line' id='line_1_16' title="bbox 457 2458 2608 2564; baseline -0 -26"><span class='ocrx_word' id='word_1_106' title='bbox 457 2464 1056 2538; x_wconf 81' lang='lat' dir='ltr'><strong>Vedanticorum</strong></span> <span class='ocrx_word' id='word_1_107' title='bbox 1089 2460 1403 2564; x_wconf 88' lang='lat' dir='ltr'><strong>scripsit,</strong></span> <span class='ocrx_word' id='word_1_108' title='bbox 1458 2458 1646 2532; x_wconf 87' lang='lat' dir='ltr'><strong>mihi</strong></span> <span class='ocrx_word' id='word_1_109' title='bbox 1684 2459 2134 2562; x_wconf 87' lang='lat' dir='ltr'><strong>profuerint,</strong></span> <span class='ocrx_word' id='word_1_110' title='bbox 2187 2460 2608 2537; x_wconf 88' lang='lat' dir='ltr'><strong>diiudicare</strong></span> 
     </span>
     <span class='ocr_line' id='line_1_17' title="bbox 454 2595 2606 2708; baseline -0.004 -30"><span class='ocrx_word' id='word_1_111' title='bbox 454 2622 818 2708; x_wconf 87' lang='lat' dir='ltr'><strong>poterunt</strong></span> <span class='ocrx_word' id='word_1_112' title='bbox 855 2626 1143 2689; x_wconf 88' lang='lat' dir='ltr'><strong>omnes,</strong></span> <span class='ocrx_word' id='word_1_113' title='bbox 1184 2600 1319 2702; x_wconf 89' lang='lat' dir='ltr'><strong>qui</strong></span> <span class='ocrx_word' id='word_1_114' title='bbox 1357 2624 1534 2673; x_wconf 89' lang='lat' dir='ltr'><strong>eum</strong></span> <span class='ocrx_word' id='word_1_115' title='bbox 1569 2597 1804 2673; x_wconf 87' lang='lat' dir='ltr'><strong>semel</strong></span> <span class='ocrx_word' id='word_1_116' title='bbox 1834 2595 2102 2673; x_wconf 89' lang='lat' dir='ltr'><strong>ducem</strong></span> <span class='ocrx_word' id='word_1_117' title='bbox 2141 2600 2382 2675; x_wconf 88' lang='lat' dir='ltr'><strong>secuti</strong></span> <span class='ocrx_word' id='word_1_118' title='bbox 2409 2622 2606 2676; x_wconf 89' lang='lat' dir='ltr'><strong>sunt.</strong></span> 
     </span>
     <span class='ocr_line' id='line_1_18' title="bbox 452 2715 2608 2817; baseline -0.001 0"><span class='ocrx_word' id='word_1_119' title='bbox 452 2715 560 2817; x_wconf 82' lang='lat' dir='ltr'><strong>Eo</strong></span> <span class='ocrx_word' id='word_1_120' title='bbox 646 2742 1006 2815; x_wconf 85' lang='lat' dir='ltr'><strong>libentius</strong></span> <span class='ocrx_word' id='word_1_121' title='bbox 1088 2757 1339 2815; x_wconf 89' lang='lat' dir='ltr'><strong>autem</strong></span> <span class='ocrx_word' id='word_1_122' title='bbox 1438 2738 1690 2811; x_wconf 89' lang='lat' dir='ltr'><strong>virum</strong></span> <span class='ocrx_word' id='word_1_123' title='bbox 1779 2737 2001 2811; x_wconf 88' lang='lat' dir='ltr'><strong>illum</strong></span> <span class='ocrx_word' id='word_1_124' title='bbox 2079 2737 2608 2815; x_wconf 82' lang='lat' dir='ltr'><strong>admirabilem</strong></span> 
     </span>
     <span class='ocr_line' id='line_1_19' title="bbox 455 2874 2610 2982; baseline -0.001 -28"><span class='ocrx_word' id='word_1_125' title='bbox 455 2882 897 2982; x_wconf 85' lang='lat' dir='ltr'><strong>magistrum</strong></span> <span class='ocrx_word' id='word_1_126' title='bbox 948 2903 1301 2968; x_wconf 89' lang='lat' dir='ltr'><strong>veneror,</strong></span> <span class='ocrx_word' id='word_1_127' title='bbox 1354 2903 1509 2977; x_wconf 85' lang='lat' dir='ltr'><strong>quo</strong></span> <span class='ocrx_word' id='word_1_128' title='bbox 1564 2874 1863 2948; x_wconf 86' lang='lat' dir='ltr'><strong>dulcior</strong></span> <span class='ocrx_word' id='word_1_129' title='bbox 1913 2874 2102 2949; x_wconf 89' lang='lat' dir='ltr'><strong>mihi</strong></span> <span class='ocrx_word' id='word_1_130' title='bbox 2150 2877 2455 2951; x_wconf 89' lang='lat' dir='ltr'><strong>Ioannis</strong></span> <span class='ocrx_word' id='word_1_131' title='bbox 2475 2880 2610 2951; x_wconf 89' lang='lat' dir='ltr'><strong>Co-</strong></span> 
     </span>
     <span class='ocr_line' id='line_1_20' title="bbox 455 3011 2610 3118; baseline 0 -27"><span class='ocrx_word' id='word_1_132' title='bbox 455 3017 857 3097; x_wconf 84' lang='lat' dir='ltr'><strong>lebrookii,</strong></span> <span class='ocrx_word' id='word_1_133' title='bbox 894 3015 1031 3089; x_wconf 83' lang='lat' dir='ltr'><strong>filii</strong></span> <span class='ocrx_word' id='word_1_134' title='bbox 1069 3013 1229 3087; x_wconf 90' lang='lat' dir='ltr'><strong>eius</strong></span> <span class='ocrx_word' id='word_1_135' title='bbox 1262 3011 1900 3118; x_wconf 82' lang='lat' dir='ltr'><strong>desideratissimi,</strong></span> <span class='ocrx_word' id='word_1_136' title='bbox 1937 3017 2331 3104; x_wconf 90' lang='lat' dir='ltr'><strong>memoria,</strong></span> <span class='ocrx_word' id='word_1_137' title='bbox 2378 3041 2610 3118; x_wconf 90' lang='lat' dir='ltr'><strong>quem</strong></span> 
     </span>
     <span class='ocr_line' id='line_1_21' title="bbox 455 3150 2604 3264; baseline 0 -36"><span class='ocrx_word' id='word_1_138' title='bbox 455 3158 935 3264; x_wconf 72' lang='lat' dir='ltr'><strong>praematura</strong></span> <span class='ocrx_word' id='word_1_139' title='bbox 988 3168 1228 3225; x_wconf 88' lang='lat' dir='ltr'><strong>morte</strong></span> <span class='ocrx_word' id='word_1_140' title='bbox 1283 3151 1516 3252; x_wconf 86' lang='lat' dir='ltr'><strong>patri,</strong></span> <span class='ocrx_word' id='word_1_141' title='bbox 1581 3150 1878 3238; x_wconf 82' lang='lat' dir='ltr'><strong>litteris,</strong></span> <span class='ocrx_word' id='word_1_142' title='bbox 1948 3153 2206 3252; x_wconf 77' lang='lat' dir='ltr'><strong>amicis</strong></span> <span class='ocrx_word' id='word_1_143' title='bbox 2255 3172 2604 3258; x_wconf 87' lang='lat' dir='ltr'><strong>ereptum</strong></span> 
     </span>
     <span class='ocr_line' id='line_1_22' title="bbox 453 3287 2607 3395; baseline 0 -32"><span class='ocrx_word' id='word_1_144' title='bbox 453 3292 716 3392; x_wconf 84' lang='lat' dir='ltr'><strong>lugent</strong></span> <span class='ocrx_word' id='word_1_145' title='bbox 809 3312 1061 3363; x_wconf 88' lang='lat' dir='ltr'><strong>omnes</strong></span> <span class='ocrx_word' id='word_1_146' title='bbox 1091 3343 1111 3370; x_wconf 88' lang='lat'><em>‚</em></span> <span class='ocrx_word' id='word_1_147' title='bbox 1214 3287 1349 3386; x_wconf 87' lang='lat' dir='ltr'><strong>qui</strong></span> <span class='ocrx_word' id='word_1_148' title='bbox 1450 3306 1730 3360; x_wconf 90' lang='lat' dir='ltr'><strong>norant</strong></span> <span class='ocrx_word' id='word_1_149' title='bbox 1829 3289 2175 3361; x_wconf 85' lang='lat' dir='ltr'><strong>iuvenem</strong></span> <span class='ocrx_word' id='word_1_150' title='bbox 2270 3293 2607 3395; x_wconf 89' lang='lat' dir='ltr'><strong>optimae</strong></span> 
     </span>
     <span class='ocr_line' id='line_1_23' title="bbox 452 3429 747 3504; baseline -0.003 -4"><span class='ocrx_word' id='word_1_151' title='bbox 452 3429 747 3504; x_wconf 82' lang='lat' dir='ltr'><strong>in’dolis.</strong></span> 
     </span>
    </p>

    <p class='ocr_par' dir='ltr' id='par_1_3' title="bbox 450 3558 2605 4080">
     <span class='ocr_line' id='line_1_24' title="bbox 648 3558 2605 3664; baseline 0.001 -26"><span class='ocrx_word' id='word_1_152' title='bbox 648 3568 1030 3638; x_wconf 88' lang='lat' dir='ltr'><strong>Hactenus</strong></span> <span class='ocrx_word' id='word_1_153' title='bbox 1095 3558 1187 3632; x_wconf 90' lang='lat' dir='ltr'><strong>de</strong></span> <span class='ocrx_word' id='word_1_154' title='bbox 1264 3559 1435 3638; x_wconf 87' lang='lat' dir='ltr'><strong>dote</strong></span> <span class='ocrx_word' id='word_1_155' title='bbox 1510 3581 1738 3664; x_wconf 87' lang='lat' dir='ltr'><strong>atque</strong></span> <span class='ocrx_word' id='word_1_156' title='bbox 1798 3563 1892 3637; x_wconf 91' lang='lat' dir='ltr'><strong>de</strong></span> <span class='ocrx_word' id='word_1_157' title='bbox 1959 3564 2310 3640; x_wconf 86' lang='lat' dir='ltr'><strong>subsidiis</strong></span> <span class='ocrx_word' id='word_1_158' title='bbox 2375 3565 2605 3640; x_wconf 90' lang='lat' dir='ltr'><strong>huius</strong></span> 
     </span>
     <span class='ocr_line' id='line_1_25' title="bbox 450 3695 2601 3800; baseline 0.001 -22"><span class='ocrx_word' id='word_1_159' title='bbox 450 3705 721 3792; x_wconf 88' lang='lat' dir='ltr'><strong>libelli,</strong></span> <span class='ocrx_word' id='word_1_160' title='bbox 796 3703 1013 3775; x_wconf 89' lang='lat' dir='ltr'><strong>cuius</strong></span> <span class='ocrx_word' id='word_1_161' title='bbox 1062 3701 1116 3773; x_wconf 89' lang='lat' dir='ltr'><strong>si</strong></span> <span class='ocrx_word' id='word_1_162' title='bbox 1171 3695 1484 3800; x_wconf 78' lang='lat' dir='ltr'><strong>quaest</strong></span> <span class='ocrx_word' id='word_1_163' title='bbox 1534 3702 1728 3786; x_wconf 79' lang='lat' dir='ltr'><strong>lauS‚</strong></span> <span class='ocrx_word' id='word_1_164' title='bbox 1799 3703 1996 3778; x_wconf 88' lang='lat' dir='ltr'><strong>redit</strong></span> <span class='ocrx_word' id='word_1_165' title='bbox 2046 3703 2143 3778; x_wconf 82' lang='lat' dir='ltr'><strong>ad</strong></span> <span class='ocrx_word' id='word_1_166' title='bbox 2191 3731 2400 3793; x_wconf 89' lang='lat' dir='ltr'><strong>eum,</strong></span> <span class='ocrx_word' id='word_1_167' title='bbox 2445 3708 2601 3790; x_wconf 61' lang='lat' dir='ltr'><strong>,cui</strong></span> 
     </span>
     <span class='ocr_line' id='line_1_26' title="bbox 452 3837 2601 3921; baseline 0.002 -6"><span class='ocrx_word' id='word_1_168' title='bbox 452 3845 532 3917; x_wconf 87' lang='lat' dir='ltr'><strong>in</strong></span> <span class='ocrx_word' id='word_1_169' title='bbox 605 3841 747 3913; x_wconf 83' lang='lat' dir='ltr'><strong>hoc</strong></span> <span class='ocrx_word' id='word_1_170' title='bbox 818 3841 1249 3913; x_wconf 88' lang='lat' dir='ltr'><strong>litterarum</strong></span> <span class='ocrx_word' id='word_1_171' title='bbox 1320 3837 1759 3914; x_wconf 89' lang='lat' dir='ltr'><strong>Indicarum</strong></span> <span class='ocrx_word' id='word_1_172' title='bbox 1840 3840 2092 3918; x_wconf 91' lang='lat' dir='ltr'><strong>studio</strong></span> <span class='ocrx_word' id='word_1_173' title='bbox 2163 3844 2428 3920; x_wconf 88' lang='lat' dir='ltr'><strong>omnia</strong></span> <span class='ocrx_word' id='word_1_174' title='bbox 2483 3874 2601 3921; x_wconf 84' lang='lat' dir='ltr'><strong>me</strong></span> 
     </span>
     <span class='ocr_line' id='line_1_27' title="bbox 456 3977 2603 4080; baseline 0.003 -28"><span class='ocrx_word' id='word_1_175' title='bbox 456 3978 727 4052; x_wconf 89' lang='lat' dir='ltr'><strong>debere</strong></span> <span class='ocrx_word' id='word_1_176' title='bbox 792 3977 1095 4080; x_wconf 82' lang='lat' dir='ltr'><strong>glorior.</strong></span> <span class='ocrx_word' id='word_1_177' title='bbox 1196 3979 1317 4049; x_wconf 90' lang='lat' dir='ltr'><strong>Tu</strong></span> <span class='ocrx_word' id='word_1_178' title='bbox 1368 3977 1571 4049; x_wconf 90' lang='lat' dir='ltr'><strong>enim</strong></span> <span class='ocrx_word' id='word_1_179' title='bbox 1623 3977 2020 4080; x_wconf 85' lang='lat' dir='ltr'><strong>Schlegeli,</strong></span> <span class='ocrx_word' id='word_1_180' title='bbox 2093 3982 2211 4055; x_wconf 87' lang='lat' dir='ltr'><strong>vir</strong></span> <span class='ocrx_word' id='word_1_181' title='bbox 2261 3984 2603 4058; x_wconf 88' lang='lat' dir='ltr'><strong>illustris-</strong></span> 
     </span>
    </p>
   </div>
  </div>
 </body>
</html>
