2964 4737
1134 205 1684 360 4184—

314 489 493 538 voce
539 484 784 535 :rm
815 463 1011 543 mihi
1062 491 1219 540 non
1256 462 1436 539 satis
1470 446 1796 559 cunstat)
1850 464 2223 543 arborum
2258 488 2520 539 succos

315 587 696 688 colligunt
760 605 838 662 et
905 612 1223 661 succum
1267 583 1367 659 ad
1438 587 1843 663 unitatem·
1885 584 2368 691 perducunt,
2440 605 2521 660 et

315 710 711 812 quomodo
793 709 1000 784 succi
1067 726 1258 787 tunc
1322 708 1857 785 discriminare
1929 738 2091 786 non
2163 729 2516 814 pomum:

318 835 532 911 illius
596 834 894 910 arboris
942 859 1083 935 ego
1146 860 1685 922 succus-sum,
1759 835 1972 909 illius
2036 834 2332 910 arboris
2380 858 2519 935 ego

315 985 586 1033 succus
635 984 843 1047 sum,
894 959 1002 1032 sic
1052 958 1319 1043 etiam,
1389 986 1438 1032 o
1472 959 1732 1047 bone,
1806 982 2069 1034 omnes
2117 956 2262 1030 hae
2312 981 2519 1030 crea·

320 1099 542 1155 turae
593 1107 728 1157 ens
775 1079 1132 1186 adeptae,
1186 1109 1349 1158 uon
1398 1081 1708 1158 seiuntz-
1745 1108 1927 1157 cum
1980 1099 2159 1156 ente
2208 1080 2522 1154 iunctae

292 1230 603 1281 sumus.
701 1208 878 1281 Non
929 1208 1141 1281 enim
1195 1207 1458 1308 tigris,
1515 1209 1630 1281 vel
1668 1208 1842 1294 leo,
1908 1206 2029 1280 vel
2082 1206 2346 1308 lupus,
2400 1203 2522 1278 vel

320 1351 549 1429 aper,
599 1328 717 1403 vel
759 1329 1071 1414 vermis,
1109 1331 1224 1403 vel
1268 1331 1596 1419 lucusta,
1639 1331 1760 1404 vel
1791 1329 2050 1418 culex,
2093 1331 2207 1402 vel
2236 1353 2522 1415 musca,

319 1447 858 1550 quodcunque
905 1470 1128 1539 sunt,
1206 1450 1282 1525 id
1344 1470 1534 1526 tunc
1586 1451 1950 1555 temporis
1995 1469 2198 1526 sunt.
2302 1451 2524 1546 Quae

320 1590 434 1651 est
473 1572 862 1647 subtilitas
912 1592 1049 1648 etc.
1107 1613 1196 1629 --
1280 1575 1383 1650 Hi
1435 1574 1695 1666 fluvii,
1747 1602 1792 1650 o
1843 1574 2079 1663 bone,
2133 1591 2317 1648 ante
2366 1598 2528 1646 ver·

318 1720 452 1771 sus.
495 1696 873 1781 orientem
909 1698 1327 1785 labuntur,
1379 1726 1421 1772 a
1461 1718 1674 1800 tergo
1708 1723 1965 1774 versus
2004 1693 2523 1786 occidentem3

322 1818 384 1893 ii
450 1843 495 1892 e
560 1820 755 1894 mari
830 1819 913 1895 in
985 1847 1196 1894 mare
1283 1821 1932 1924 proficiscuntur3
2008 1818 2196 1893 hinc
2270 1815 2527 1891 oritur

323 1965 573 2029 mare3
651 1942 710 2014 ii
778 1941 1169 2044 quomodo
1237 1944 1400 2017 illic
1470 1970 1633 2019 non
1684 1943 1978 2032 sciunt,
2061 1941 2193 2015 hic
2241 1938 2526 2013 fluvius

323 2088 463 2162 ego
512 2088 720 2151 sum,
775 2062 907 2138 ille
956 2063 1242 2139 fluvius
1291 2090 1428 2165 ego
1480 2090 1695 2158 sum,
1743 2064 1852 2140 sic
1889 2064 2158 2149 etiam,
2215 2090 2261 2137 o
2300 2064 2526 2146 bone,

326 2211 591 2259 omnes
639 2184 785 2260 hae
839 2206 1236 2263 creaturae
1273 2213 1364 2263 ex
1395 2207 1576 2264 ente
1609 2189 1996 2263 venientes
2032 2215 2190 2262 non
2234 2186 2524 2262 sciunte

324 2333 420 2383 ex
469 2327 649 2385 ente
700 2310 1050 2385 venimus
1079 2343 1099 2403 ;
1168 2337 1299 2386 eae
1356 2310 1489 2387 hic
1539 2314 1657 2390 vel
1714 2311 1957 2413 tigris,
2035 2311 2152 2386 vel
2202 2312 2363 2397 leo,
2411 2311 2530 2385 vel

328 2433 601 2537 lupuS,
654 2434 770 2507 vel
811 2460 1034 2537 aper,
1086 2435 1202 2519 vel
1237 2435 1539 2521 vermis,
1591 2436 1709 2509 vel
1749 2436 2093 2523 locusta,
2129 2434 2246 2508 vel
2282 2436 2528 2519 culex,

334 2558 448 2630 vel
501 2581 805 2644 musca,
881 2555 1410 2657 quodcunque
1476 2575 1697 2645 sunt,
1774 2555 1854 2630 id
1908 2575 2098 2630 tunc
2167 2556 2532 2658 temporis

327 2697 532 2760 sunt.
638 2679 859 2776 Quae
918 2698 1030 2753 est
1088 2680 1480 2754 subtilitas
1529 2699 1668 2753 etc.
1724 2721 1826 2738 --
1874 2682 2243 2780 -Magnae
2293 2679 2530 2756 huius

329 2805 667 2893 arboris,
746 2831 791 2877 o
843 2804 1078 2892 boue,
1145 2804 1204 2878 si
1260 2803 1436 2903 quis
1516 2802 1856 2879 radicem
1920 2802 2194 2889 laedit,
2273 2802 2533 2877 vivens

328 2928 608 3012 stillat,
681 2926 744 2997 si
812 2923 991 3024 quis
1062 2922 1412 3003 medium
1471 2924 1739 3011 laedit,
1811 2923 2066 3000 vivens
2113 2926 2392 3014 stillat,
2467 2925 2532 3001 si

331 3048 512 3150 quis
560 3065 932 3123 cacumen
988 3047 1259 3137 laedit,
1339 3049 1595 3126 vivens
1641 3050 1919 3141 stiliat3
1971 3049 2128 3123 vita
2185 3049 2319 3124 illa
2373 3077 2536 3125 non

331 3198 424 3247 ex
472 3196 549 3248 se
601 3170 759 3275 ipsa
811 3168 1192 3274 producta
1242 3170 1514 3246 bibens
1563 3189 1643 3246 et
1705 3168 2174 3248 laetabunda
2225 3183 2535 3275 perstat.¹

335 3290 673 3390 Quando
716 3311 978 3370 autem
1010 3292 1165 3365 vita
1206 3318 1459 3365 unum
1496 3318 1803 3367 ramum
1845 3293 2260 3395 relinquit,
2315 3293 2377 3367 is
2415 3320 2537 3370 ex-

334 3415 645 3504 arescit,-
710 3411 1027 3516 quando
1066 3411 1497 3489 secundum
1535 3414 1955 3517 relinquit,
2018 3416 2080 3490 is
2130 3418 2534 3506 exarescit,

253 3608 259 3614 .
336 3536 656 3641 quando
733 3537 1053 3612 tertium
1118 3537 1544 3640 relinquit,
1636 3539 1700 3614 is
1748 3538 2152 3629 exarescit,
2217 3538 2537 3643 quando

340 3678 592 3735 totum
643 3660 1104 3761 relinquit)
1159 3679 1314 3736 tota
1365 3662 1600 3737 arbor
1667 3664 2071 3754 exarescit3
2143 3664 2253 3738 sic
2300 3664 2538 3740 etiam

333 3784 566 3869 scite,
619 3809 663 3858 ο
716 3783 955 3878 bone,
1008 3784 1305 3885 inquit:
1362 3811 1642 3888 corpus
1693 3784 1840 3860 hoc
1890 3814 1935 3859 a
1971 3786 2125 3861 vita
2180 3786 2540 3864 relictum

338 3908 709 3997 moritur,
781 3935 939 3982 non
993 3907 1149 3980 vita
1196 3908 1357 4010 ipsa
1409 3907 1766 3982 moritur·
1865 3908 2086 4005 Quae
2138 3927 2250 3984 est
2294 3909 2539 3986 subti-

338 4034 698 4109 litas‘etc.
752 4076 851 4092 —
918 4035 1248 4132 Frugem
1325 4031 1450 4104 fici
1502 4030 1814 4108 Indicae
1863 4032 2084 4108 illinc
2136 4033 2368 4109 affer:
2439 4060 2538 4108 en
