2964 4737
1201 276 1740 379 -157-··

379 494 581 565 otae,
631 476 949 579 eiusque
999 476 1479 551 contrarium
1536 477 1633 553 ab
1685 478 1898 553 omni
1942 475 2336 553 delusione
2388 478 2574 554 libe-

381 627 584 675 rum·
681 602 831 675 Ubi
907 603 1122 676 enim
1192 602 1406 702 quasi
1475 599 1890 704 duplicitas
1939 619 2086 691 est,
2163 619 2329 677 tum
2381 602 2578 676 alius
2688 594 2693 597 ¹

304 749 311 756 ·
379 721 626 797 alium
692 720 938 814 videt3
1017 720 1158 795 ubi
1227 745 1405 795 vero
1471 747 1700 795 omne
1766 720 2002 796 huius
2061 724 2370 804 animus
2431 741 2578 811 est,

386 859 556 917 tum
607 870 764 944 qua
819 844 1120 920 ratione
1155 844 1526 946 ‚aliquem
1577 844 1874 920 videat?
1950 841 2098 919 Ubi
2155 872 2313 921 non
2363 843 2584 922 aliud

382 964 620 1055 videt,
697 993 858 1042 non
930 967 1150 1044 aliud
1213 967 1475 1062 audit,
1556 996 1718 1044 non
1768 966 1988 1046 aliud
2040 970 2445 1071 intelligit,
2525 969 2586 1044 is

387 1114 751 1188 magnus;
794 1088 935 1162 ubi
985 1113 1166 1162 vero
1214 1088 1435 1164 aliud
1482 1088 1730 1178 videt,
1783 1088 2000 1164 aliud
2054 1086 2316 1174 audit,
2368 1085 2590 1162 aliud

389 1209 794 1311 intelligit,
835 1210 916 1285 id
951 1239 1318 1316 parvum3
1372 1212 1513 1315 qui
1555 1239 1876 1315 magnus
1906 1233 2038 1300 est,
2093 1214 2156 1288 is
2198 1211 2589 1286 immorta-

387 1332 508 1419 lis,
538 1332 752 1433 quod
785 1361 959 1411 vero
992 1364 1341 1440 parvum,
1394 1336 1475 1411 id
1509 1338 1853 1411 mortale.
1886 1373 1978 1388 -
2033 1336 2154 1410 Sic
2189 1334 2406 1408 mille
2439 1334 2592 1409 loci

392 1450 926 1530 demonstrant
982 1455 1375 1559 duplicem
1426 1456 1878 1530 Brahmanis
1931 1455 2258 1529 formam
2308 1480 2349 1528 e
2400 1453 2592 1529 divi-

388 1574 603 1650 sione
663 1576 1124 1677 cognitionis
1171 1596 1253 1653 et
1319 1578 1824 1678 ignorantiae.
1927 1574 2329 1672 Quamdiu
2382 1575 2595 1676 igno-

392 1697 645 1773 rantia
697 1697 975 1783 durat,
1025 1699 1277 1774 omnis
1311 1701 1656 1775 activitas
1694 1701 1775 1774 in
1804 1700 2237 1774 Brahmane
2270 1696 2595 1772 colendo

391 1837 779 1915 versatum
867 1823 1299 1896 nonnullae
1371 1821 1826 1896 Brabmanis
1886 1819 2192 1895 colendi
2265 1819 2599 1894 rationes

390 1956 789 2019 externam
838 1943 1287 2049 felicitatem
1335 1961 1778 2045 quaerunt,
1849 1942 2281 2016 nonnullae·
2327 1932 2600 2014 libera·

391 2060 684 2137 tionem
736 2091 782 2138 a
831 2067 1258 2167 praeceptis
1303 2065 1740 2150 Vedarum‚
1795 2064 2224 2140 nonnullae
2273 2056 2601 2169 operum

392 2187 1023 2291 prosperitatem,
1067 2214 1353 2290 eaeque
1403 2188 1924 2269 divisa-esunt
1966 2215 2108 2291 per
2148 2187 2601 2262 divisionem

280 2334 288 2343 ·
392 2305 815 2387 delusionis
877 2309 1352 2386 diversarum
1427 2310 1923 2413 qualitatum.
2028 2310 2347 2396 Etiamsi
2417 2335 2600 2384 vero

393 2458 602 2512 unus
667 2457 1018 2511 summus·
1088 2434 1394 2509 animus
1454 2433 1574 2507 his
1623 2432 1866 2507 illisve
1916 2430 2226 2507 diversis
2275 2433 2604 2533 qualita-

398 2554 609 2634 tibus
659 2556 980 2658 insignis
1027 2555 1395 2632 colendus
1444 2556 1590 2643 sit,
1668 2573 1928 2629 tamen
1977 2554 2277 2629 fructus
2326 2553 2601 2630 diversi

392 2696 581 2754 sunt
629 2697 977 2784 respectu
1027 2678 1193 2754 eius
1256 2676 1658 2781 qualitatis
1681 2728 1740 2796 ,Ι
1777 2700 1978 2779 quae
2030 2676 2350 2751 colitur:
2427 2703 2604 2780 pro·

399 2819 577 2905 pter
625 2801 828 2877 locos
875 2801 1342 2905 scripturae:
1421 2800 1629 2873 illum
1678 2796 2338 2901 quomodocunque
2405 2797 2601 2889 colit,

403 2923 488 2999 id
526 2924 674 3019 stt‚·
752 2940 881 2995 et:
968 2923 1187 3022 quale
1253 2938 1366 2994 est
1434 2924 1761 2995 hominis
1819 2922 2272 3019 sacrficium
2322 2926 2401 2996 in
2464 2919 2608 2995 hoc

402 3043 719 3133 munde,
774 3044 948 3118 talis
973 3043 1117 3140 fit,
1172 3046 1245 3117 .ςὶ
1293 3043 1471 3114 hino
1520 3039 1733 3115 abiit.
1831 3041 1954 3115 Sic
2001 3066 2253 3115 unum
2274 3043 2604 3118 Brahma

402 3185 755 3272 respectu
826 3164 1247 3242 delusionis
1311 3191 1445 3239 seu
1532 3163 1832 3238 abiecta
1905 3161 2120 3235 omni
2207 3160 2607 3240 delusione

402 3307 546 3366 aut
593 3286 695 3363 ad
759 3285 1178 3364 colendum
1248 3305 1389 3362 aut
1436 3282 1537 3360 ad
1607 3281 2220 3386 eognosoe'ndu'm
2271 3282 2355 3359 in
2423 3285 2607 3363 loeis

403 3410 805 3487 Vedantae
865 3407 1403 3485 describitur.“
1506 3413 1605 3482 In
1654 3432 1827 3480 vera
1879 3406 2121 3508 igitur
2168 3407 2609 3509 cognitione

407 3536 629 3610 nulla
702 3533 1158 3608 Brabmanis
1236 3530 1507 3605 divisio
1582 3554 1731 3604 esse
1810 3546 2104 3631 potest3
2179 3528 2610 3610 admittunt

411 3675 669 3731 tamen
725 3655 1138 3732 Vedantiei
1206 3655 1594 3756 regionem
1666 3652 2150 3755 ignorantiae
2215 3679 2395 3728 cum
2448 3681 2608 3729 rea-

410 3780 631 3855 litate
700 3780 1058 3871 relativa,
1126 3779 1209 3853 in
1263 3805 1419 3880 qua
1492 3775 1820 3857 Brahma
1871 3775 2016 3849 sub
2066 3775 2292 3850 variis
2344 3779 2610 3853 formis

409 3904 743 3988 colitur,
821 3901 1122 4005 ipsique
1181 3901 1374 3975 libri
1427 3899 1619 3975 sacri
1677 3925 2246 3999 nonnunquam
2302 3899 2385 3973 in
2443 3898 2611 3972 tali-

408 4035 554 4112 bus
607 4031 933 4117 ludunt,
1003 4023 1128 4103 sed
1185 4025 1325 4114 ita,
1399 4042 1488 4099 ut
1558 4047 1815 4099 veram
1867 4022 2319 4098 Brahmanis
2388 4040 2611 4095 natu·
2662 4065 2677 4080 -
