2964 4737
1295 335 1780 380 *ΧΠ*-

479 543 713 634 anjimi
785 540 1186 615 candorem
1263 539 1625 615 admirari
1695 536 2004 628 debeas,
2069 536 2407 614 'dubium
2478 554 2620 626 est,

479 683 538 756 is
593 661 841 782 'igitur
903 707 1147 782 quum
1218 679 1368 756 huc
1446 680 1804 768 venisset,
1869 679 2123 773 *etiam
2192 702 2313 752 me
2391 692 2625 753 meos·-

471 846 622 927 que
657 842 971 897 conatus
1027 822 1340 898 comiter
1384 821 1739 924 respexit,
1788 845 2015 923 seque
2056 819 2256 895 hanc
2293 817 2622 920 opellam

473 955 924 1032 adiuturum
953 984 1123 1034 esse
1167 958 1555 1062 pollicitus
1602 975 1727 1032 est.
1829 961 1932 1033 Et
1963 944 2104 1032 en:
2155 957 2625 1059 vix'aliquot

472 1088 977 1173 hebdomades
1008 1096 1589 1201 praeterierant,
1641 1123 1886 1198 quum
1922 1096 2217 1172 litterae
2247 1095 2619 1177 Boblenii,

468 1236 611 1309 viri
652 1236 1070 1323 clarissimi,
1124 1235 1645 1337 Regiomontio
1679 1235 2167 1334 afferrentur,
2222 1237 2304 1310 in
2337 1234 2623 1338 quibus

470 1397 544 1445 se
594 1369 689 1445 de
741 1398 905 1446 meo
960 1373 1262 1475 incepto
1319 1397 1456 1475 per
1507 1373 1912 1451 Rosenium
1971 1371 2262 1447 audisse
2323 1372 2622 1476 scripsit

467 1527 544 1582 et
607 1536 827 1586 usum
885 1510 1389 1609 Manuseripti
1457 1509 2016 1608 Chhandogyae
2080 1510 2619 1611 Upanishadis,

466 1668 693 1744 quem
748 1643 904 1748 ipse
954 1671 999 1716 a
1051 1646 1366 1721 Rosenio
1418 1644 1621 1720 dono
1670 1664 2099 1748 acceperat,
2133 1670 2136 1679 ·
2172 1645 2374 1723 ultro
2425 1641 2618 1716 mihi

466 1783 772 1858 obtulit.
873 1782 1103 1857 Vides
1163 1801 1501 1884 quantus
1548 1784 1646 1858 sit
1696 1783 1778 1856 in
1831 1802 2162 1885 utroque
2210 1782 2373 1855 viro
2422 1781 2625 1856 litte-

466 1947 730 1999 rarum
788 1947 1040 2012 amm-3
1135 1947 1314 2000 nam
1383 1917 1596 2021 quod
1632 1901 1789 2022 ‘ego
1866 1921 2082 1996 n‘ulla
2149 1921 2327 2025 ipsis
2392 1919 2620 1995 laude

336 2114 343 2125 ι
463 2075 691 2135 notus
775 2083 1022 2162 neque
1115 2058 1684 2137 necessitudinis
1772 2059 2080 2135 vinculo
2165 2058 2619 2135 coniunctus

466 2221 867 2298 nunquam
916 2223 1214 2301 sperare
1264 2218 1699 2301 potueram,
1753 2197 1833 2272 id
1872 2200 1969 2274 ob
2004 2199 2150 2290 rei,
2198 2224 2431 2301 quam
2472 2216 2635 2295 tra-7

463 2334 797 2424 etabam,
886 2334 1326 2437 gravitatem
1404 2335 1597 2411 mihi
1686 2337 2014 2413 libenter
2097 2357 2622 2415 concesserunt

465 2497 714 2575 neque
754 2475 1093 2578 ¹tironem
1141 2478 1520 2580 aspernati
1570 2496 1781 2565 sunt,
1859 2474 2083 2551 modo
2149 2493 2238 2549 ut
2292 2475 2433 2548 hoc
2487 2502 2616 2549 no·

466 2637 647 2685 vum
714 2632 791 2692 et
859 2615 1238 2690 incultum
1308 2613 1742 2689 studiorum
1806 2640 2080 2717 genus,
2174 2611 2383 2719 quod
2473 2612 2615 2717 ipsi

463 2765 769 2826 strenue
873 2768 949 2824 et
1051 2749 1326 2825 eximio
1425 2777 1604 2825 cum
1701 2775 2036 2826 successu
2126 2770 2615 2855 promovent,

467 2889 698 2964 etiam
747 2889 829 2963 in
879 2889 1047 2968 aliis
1107 2889 1448 2964 foverent
1498 2908 1574 2964 et
1632 2888 2095 2964 adiuvarent.
2195 2887 2338 2964 Sed
2395 2888 2615 2964 codi-

466 3052 629 3100 cem
679 3027 940 3117 illum,
1011 3054 1242 3130 quem
1302 3027 1710 3103 Bohlenius
1778 3028 1968 3103 mihi
2032 3027 2284 3116 misit,
2359 3027 2620 3134 paucis

464 3161 897 3239 describam.
1018 3168 1148 3240 Est
1228 3165 1422 3241 liber
1507 3165 1975 3255 chartaceuS,
2064 3164 2619 3270 devanagaricis

466 3302 736 3378 litteris
773 3303 1127 3406 scriptus,
1180 3273 1385 3379 foliis
1433 3302 1808 3406 oblongis,
1860 3302 1943 3376 in
1994 3301 2180 3378 duas
2224 3322 2476 3407 partes
2508 3303 2619 3379 di·-

466 3441 697 3517 visus:
769 3443 1015 3546 prima
1070 3444 1410 3517 continet
1461 3444 1809 3545 quinque
1874 3444 2131 3545 priora
2195 3444 2442 3548 capita
2491 3471 2617 3549 pa-

465 3579 662 3677 ginis
693 3583 976 3671 XLIII,
1041 3583 1364 3659 secunda
1424 3586 1570 3659 tria
1637 3588 1930 3688 reliqua
2001 3587 2292 3688 paginis
2341 3588 2617 3662 XXVI·

467 3726 560 3798 In
641 3726 793 3800 fine
865 3727 1045 3805 libri
1129 3725 1382 3801 addita
1471 3747 1581 3802 est
1666 3729 1850 3803 anni
1934 3748 2156 3817 nota,
2260 3747 2351 3801 ut
2420 3726 2619 3801 vide·

467 3881 599 3940 tur
680 3893 926 3941 annus
1012 3869 1603 3946 MDCCCXXIV
1697 3895 1911 3944 aerae
2011 3867 2617 3969 Vici-amadityae

466 4001 544 4081 h·
613 4029 676 4079 e·
757 4033 1001 4085 annus
1067 4008 1661 4086 MDCCLXVlII
1738 4026 2050 4085 nostrae.
2179 4011 2362 4083 Erat
2432 4007 2613 4082 olim
