2964 4737
1322 372 1407 380 “-·
1511 360 1628 404 XIV
1731 368 1818 376 “-

510 584 811 670 pravato
884 562 1189 636 nomine
1259 543 1747 663 Oupnelifbat
1810 574 2296 658 nuncupatus
2365 554 2653 628 variam

503 701 709 805 apud
776 701 1029 774 doctos
1099 697 1487 772 fortunam
1553 715 1903 798 expertus
1954 715 2089 787 est3
2151 721 2395 795 quum
2446 693 2656 765 enim

508 832 646 915 uni
698 862 770 913 se
823 839 902 910 in
952 862 1037 910 eo
1114 837 1356 910 omnis
1421 834 1831 937 sapientiae
1897 834 2111 934 quasi
2179 834 2462 906 clavem
2530 829 2659 902 de-

509 977 989 1082 prehendisse
1077 991 1434 1079 putarent
1513 992 1588 1046 et
1625 1029 1642 1061 ,
1763 997 2273 1075 quaecunque·
2342 970 2658 1056 vellent,

510 1117 798 1193 somnia
867 1135 943 1190 et
992 1101 1341 1215 mysteria
1400 1109 1578 1183 inde
1648 1111 2084 1198 haurirent,
2155 1108 2287 1192 alii
2338 1085 2661 1181 admira·

513 1258 747 1352 bilem
830 1273 906 1328 et
982 1251 1420 1325 indefessam
1501 1248 1808 1324 editoris
1880 1247 2351 1350 diligentiam
2433 1247 2661 1349 plane

514 1392 733 1467 obliti
804 1373 1107 1466 librum
1157 1392 1328 1465 ficta
1401 1407 1538 1463 aut
1585 1391 1846 1463 saltem
1911 1388 2225 1462 dubiosa
2276 1387 2664 1460 continere

515 1515 1060 1605 existimarunt.
1132 1533 1610 1628 ,Utrumque
1690 1528 2013 1622 falsum3
2112 1551 2443 1627 namque
2530 1523 2666 1601 etsi

516 1687 783 1772 sponte
847 1667 1342 1776 concedamus
1407 1667 1850 1770 interpretes
1898 1662 2221 1741 Persicos
2284 1662 2671 1737 codicibus

520 1831 688 1878 usos
737 1829 884 1878 esse
938 1806 1255 1894 mancis,
1330 1825 1464 1880 aut
1515 1831 1654 1908 pro
1703 1831 1837 1877 suo
1903 1803 2223 1877 arbitrio
2292 1801 2669 1875 nonnulla

523 1940 875 2014 omississe
942 1941 1262 2042 aliisque
1327 1941 1509 2015 locis
1555 1966 1596 2013 e
1645 1939 2201 2014 commentariis
2262 1937 2671 2026 addidisse,

520 2104 716 2177 quae
767 2078 875 2152 in⁴
919 2094 1127 2152 textu
1175 2104 1354 2151 ·non
1423 2079 1823 2178 leguntur,
1898 2078 2353 2180 plerumque
2422 2093 2675 2150 tamen

522 2206 788 2288 eorum
836 2214 1073 2288 versio
1107 2212 1214 2286 sic
1253 2215 1593 2287 concinit
1623 2240 1801 2288 cum
1837 2215 2247 2318 exemplari
2282 2215 2674 2304 Sanscrit0,

524 2375 613 2429 ut
661 2354 722 2429 si
774 2330 990 2427 ‘recte
1057 2352 1352 2428 noveris
1417 2353 1798 2429 librorum
1858 2382 2244 2430 sacrorum
2312 2353 2678 2457 loquendi

525 2492 1187 2584 consuetudinem,
1269 2495 1512 2569 varias
1564 2496 1937 2576 ,lectiones
2005 2494 2347 2572 divinare
2414 2494 2674 2596 possis,

525 2657 712 2733 quas
762 2631 877 2703 illi
931 2630 1013 2702 in
1062 2629 1215 2702 suis
1275 2629 1747 2731 antigraphis
1810 2632 2279 2721 invenerant.
2377 2636 2677 2732 Anque-

533 2771 679 2843 tilii
755 2785 1011 2841 autem
1095 2785 1304 2840 tanta
1391 2784 1554 2839 erat
1632 2786 1707 2840 et
1784 2785 1937 2840 tam
2017 2769 2525 2870 superstitiosa
2597 2772 2679 2845 in

529 2903 889 2979 vertendo
920 2905 1211 2980 Persico
1263 2932 1488 2993 cura,
1564 2925 1653 2979 ut
1716 2908 1995 2980 servilis
2042 2907 2314 2981 Persici
2367 2907 2680 2983 idioma-

535 3046 625 3117 tis
692 3043 1015 3117 imitatio
1088 3070 1443 3118 nauseam
1515 3071 1731 3147 saepe
1806 3064 2101 3120 moveat
2179 3045 2678 3121 eruditorum.

534 3183 793 3276 Quare
856 3198 1075 3254 caute
1140 3180 1456 3282 quidem
1521 3202 1596 3255 et
1643 3184 1739 3256 ab
1805 3186 1895 3259 iis
1959 3204 2293 3274 tantum,
2362 3185 2499 3286 qui
2564 3186 2680 3258 lit-

535 3338 872 3393 terarum
938 3315 1377 3394 Indicarum
1448 3319 1673 3423 periti
1741 3341 1953 3410 sunt,
2024 3323 2449 3424 Anquetilii
2500 3350 2684 3429 opus

534 3457 883 3531 adhiberi
927 3458 1241 3560 poterit,
1294 3458 1421 3533 sed
1459 3462 1786 3535 maximo
1822 3488 2000 3536 cum
2033 3462 2334 3553 fructu,
2383 3482 2458 3538 et
2493 3431 2685 3548 sum-3

537 3622 841 3700 mopere
908 3620 1202 3701 semper
1267 3597 1697 3674 laudandus
1746 3601 1890 3676 erit
1935 3627 2156 3675 senex
2204 3600 2685 3688 venerabiliS,

534 3736 672 3846 qui
726 3754 815 3810 ut
853 3731 1153 3812 iudicio
1177 3739 1517 3813 acutiore
1556 3741 1915 3823 caruerit,
1970 3742 2073 3815 ita
2110 3759 2360 3814 tamen
2398 3741 2687 3815 nullam

539 3876 907 3949 recusavit
955 3878 1406 3966 molestiam,
1462 3880 1681 3952 nulla
1728 3880 2104 3981 pericula,
2161 3878 2348 3953 dum
2388 3878 2687 3964 litteras,

534 4014 824 4114 'quibus
872 4015 1107 4091 vitam
1154 4043 1367 4091 suam
1415 4037 2007 4114 consecraverat,
2073 4019 2502 4094 illustraret.
2603 4024 2688 4093 In
