2964 4737
1193 307 1741 402 -167—

384 514 464 573 et
513 495 908 573 derivatur
954 496 1383 575 secundum
1442 499 1895 574 Wilsonum
1950 527 1992 573 a
2046 499 2348 575 duobus
2401 500 2581 575 rivis

383 641 566 715 emm
616 639 696 696 et
739 615 895 713 ῆὲὶς
971 619 1103 695 hic
1154 646 1331 696 vero
1399 646 1684 695 nomen
1734 620 2083 708 secundi⁸
2119 620 2262 697 rivi
2327 620 2583 724 potius

385 737 532 815 πῑιῆ
580 769 713 818 seu
758 736 907 817 πτειῆ
952 761 1062 818 est
1079 776 1101 836 3
1189 768 1369 819 voce
1416 765 1599 836 ειτσπ
1663 742 2048 819 alluditur
2098 741 2197 818 ad
2236 744 2586 846 superci-

386 864 528 953 lia,
606 891 808 967 quae
870 865 1131 941 oculos
1196 867 1590 955 coercent,
1674 890 1852 939 voce
1914 859 2060 937 :nist
2125 863 2225 939 ad
2294 890 2585 939 narem.

388 986 632 1063 Locus
683 986 925 1089 igitur
976 985 1109 1060 ille
1160 987 1369 1061 inter
1416 986 1828 1090 supercilia
1874 1005 2588 1092 comparaturcum

388 1132 601 1187 sacra
649 1109 844 1184 urbe
890 1094 1312 1198 Varanasi,
1381 1108 1520 1183 ubi
1572 1109 1949 1213 sapientia
1998 1108 2353 1204 habitat).
2450 1111 2589 1184 Su-

388 1252 750 1338 premum
803 1231 1066 1334 itaque
1118 1254 1410 1308 numen
1465 1232 1554 1307 iu
1609 1231 2112 1339 homine-est,
2185 1254 2365 1308 eum
2420 1231 2593 1304 luce

387 1378 525 1432 sua
579 1356 954 1442 illustrat,
997 1354 1319 1456 eiusque
1368 1355 1705 1430 actiones
1752 1353 1984 1442 videt,
2032 1353 2164 1430 sed
2219 1381 2380 1430 non
2426 1370 2592 1428 tan·

388 1478 603 1580 gitur
652 1476 807 1553 illis
856 1501 1112 1579 neque
1159 1477 1428 1552 fructu
1479 1498 1771 1551 eorum.
1873 1476 2171 1573 Quodsi
2209 1494 2471 1551 autem
2511 1476 2596 1551 in

277 1634 278 1641 ¹
390 1599 720 1675 Cathaca
784 1598 914 1673 bic
969 1598 1445 1681 affirmatur,
1518 1610 1948 1699 utrumque
2014 1598 2371 1686 illorum,
2450 1597 2593 1698 qui

387 1721 475 1797 in
526 1744 850 1796 caverna
923 1737 1147 1809 sunt,
1227 1716 1654 1793 mercedem
1741 1706 2065 1822 operum
2154 1719 2621 1824 percipere.

391 1840 540 1918 hoo
603 1842 711 1918 ita
780 1839 1377 1943 intelligendum
1442 1857 1592 1915 est:
1670 1865 1879 1915 unus
1931 1860 2189 1915 revera
2259 1842 2596 1946 percipit

389 1983 710 2068 propter
780 1961 1333 2063 ignorantiam,
1408 1963 1607 2036 alter
1671 1961 1892 2064 quasi
1959 1962 2331 2066 percipit,
2400 1965 2593 2065 quia

390 2085 802 2160 activitatis
831 2086 1031 2161 testis
1061 2081 1271 2181 (affl)
1302 2104 1381 2162 et
1408 2085 1686 2162 ultima
1716 2084 2294 2189 quodammodo
2334 2114 2594 2164 caussa

391 2225 540 2301 est3
590 2206 683 2283 cf.
732 2208 945 2283 Sanc.
1016 2210 1093 2279 Β.
1150 2210 1220 2283 S.
1273 2222 1348 2311 Ρ
1401 2215 1520 2305 49.
1633 2208 1843 2283 Alibi
1918 2225 2172 2283 tamen
2238 2224 2597 2286 accurate

391 2333 626 2409 inter
651 2331 1044 2410 fruentem
1076 2350 1154 2409 et
1206 2347 1465 2407 testem
1503 2326 2032 2432 distinguitur.
2106 2329 2378 2406 Mund.
2419 2359 2493 2435 p.
2524 2335 2599 2421 6,

390 2446 2596 2582 1.5.ετξ[σῶτειςῆτεηετππειητήῗῂσῆωεειπτέτιῆῶῑτηι

393 2697 593 2774 aba&
638 2718 884 2794 ξςῑῦπτπι
944 2727 955 2765 ι
1046 2699 1333 2785 „Duae
1409 2723 1579 2773 aves
1637 2698 2104 2773 coniunctae
2169 2716 2248 2773 et
2306 2698 2599 2772 amicae

388 2820 713 2897 eandem
764 2821 1121 2897 arborem
1156 2820 1866 2924 amplectebantur3
1917 2809 2188 2895 earum
2219 2845 2379 2896 una
2422 2818 2597 2895 dul-

389 2969 553 3018 cem
607 2944 951 3018 fructum
987 2943 1173 3018 ficus
1211 2942 1604 3044 religiosae
1634 2941 1826 3030 edit,
1880 2945 2124 3019 altera
2167 2969 2326 3018 non
2363 2939 2595 3019 edens

391 3065 622 3143 videt.
725 3068 979 3140 Homo
1031 3063 1116 3138 in
1182 3062 1510 3137 eandem
1569 3053 1921 3138 arborem
1977 3062 2364 3139 demersus
2414 3089 2593 3167 pro-

387 3205 564 3292 pter
614 3182 1159 3290 impotentiam
1205 3182 1419 3260 dolet
1467 3184 1729 3260 animo
1780 3183 2314 3288 perturbato.“
2379 3186 2594 3278 (Sine

389 3311 632 3385 dubio
703 3308 926 3385 scrib.
1010 3327 1155 3408 &133-
1225 3309 1349 3378 a&
1403 3305 1527 3381 -ad
1599 3325 1961 3383 numeros
2046 3305 2590 3402 restituendos3

388 3433 705 3537 praebet
768 3431 918 3507 hoc
984 3434 1200 3508 Sanc.
1268 3430 1503 3507 schol.
1557 3457 1632 3534 p.
1687 3429 1844 3523 35.;
1915 3430 2024 3507 sic
2088 3432 2375 3535 paullo·
2425 3445 2595 3535 post

389 3556 699 3632 mallem
747 3550 1000 3630 efflatur.
1103 3555 1355 3629 Arbor
1403 3571 1514 3629 est
1572 3575 1895 3657 corpus,
1971 3553 2063 3628 cf.
2119 3554 2415 3631 Golebr.
2470 3559 2589 3630 As.

388 3682 776 3768 Res.v111‚
808 3708 879 3783 p.
903 3675 1102 3774 432.)
1203 3676 1351 3750 Hic
1401 3699 1807 3779 supremus
1839 3675 2144 3750 animus
2182 3685 2259 3752 et
2308 3676 2586 3762 vivens,

388 3800 554 3876 eius
601 3801 916 3891 umbra,
988 3804 1071 3876 in
1139 3795 1360 3876 nobis
1410 3791 1611 3873 mori
1661 3817 1741 3873 et
1800 3799 2151 3900 generari
2208 3827 2369 3902 non
2420 3826 2585 3902 pos-

386 3940 605 4015 sunt3
667 3923 919 3998 vivens
972 3949 1132 3998 non
1183 3938 1481 3998 creatus
1533 3937 1682 4008 est,
1750 3937 2097 3995 creatum
2147 3945 2323 3995 vero
2377 3918 2583 3993 vehi-

387 4047 689 4138 culum,
765 4071 926 4148 (μω
968 4046 1055 4122 in
1102 4045 1397 4147 agendo
1450 4044 1740 4121 utitur:
1815 4067 2094 4148 corpus
2142 4059 2220 4120 et
2282 4059 2576 4135 sensus;
