2964 4737
1356 270 1854 384 ...624

513 503 632 580 dis
678 531 999 581 manum
1050 502 1637 596 abstinuerunt,
1705 533 1957 611 quum
2007 506 2144 581 alii
2198 504 2379 581 libri
2431 533 2475 583 a
2529 505 2721 582 dia·

508 629 861 706 sceuastis
911 656 1054 733 pro
1103 629 1371 704 aetatis
1414 654 1597 705 suae
1660 648 1895 734 captu
1949 629 2336 705 immutati
2391 655 2546 706 esse
2601 631 2726 705 vi·-

507 750 867 829 deantur.
967 748 1207 838 Vide,
1243 776 1444 852 quae
1479 750 1851 840 breviter,
1902 749 2032 827 sed
2069 749 2460 842 docte,-ut
2489 753 2717 839 solet,

507 874 821 949 monuit
860 872 1253 946 Lassenius
1301 870 1522 968 (Ind.
1564 872 1757 945 Bibl.
1787 876 1936 956 III,
1995 899 2057 946 i.
2112 898 2186 975 p.
2226 867 2406 965 83).
2504 875 2722 948 Pau·-

504 1021 630 1071 cas
711 993 1089 1070 eiusmodi
1164 996 1524 1072 licentias
1588 995 1678 1071 in
1747 996 2118 1100 poematis
2164 995 2405 1101 epicis
2466 1014 2547 1072 et
2621 997 2717 1073 in

507 1117 766 1218 legum
817 1114 1081 1191 codice
1128 1116 1600 1193 invenimus:
1678 1115 2289 1193 contractionem
2334 1117 2718 1218 irregula-

507 1263 672 1315 rem
723 1237 898 1314 vide
946 1264 1066 1340 ap.
1113 1239 1323 1313 Man.
1356 1240 1583 1329 VIII,
1641 1243 1757 1338 57.
1807 1265 1914 1329 a„
1971 1238 2111 1312 ubi
2154 1241 2479 1315 Culluca
2534 1268 2716 1318 eam

504 1359 593 1437 in
641 1359 879 1438 Vedis
927 1360 1290 1435 usitatam
1347 1384 1501 1434 esse
1574 1357 1807 1452 dicit3
1882 1363 1980 1434 cf.
2033 1360 2429 1436 Loiseleur
2473 1364 2715 1443 Notea

500 1509 577 1587 p.
620 1481 795 1581 459.
853 1479 1442 1585 Upanisbadum
1490 1505 1921 1562 sermonem
1974 1481 2258 1557 talibus
2300 1484 2713 1561 anomaliis

502 1603 1037 1681 abundantem
1058 1596 1291 1704 longo
1317 1597 1724 1677 interval-lo
1751 1602 2096 1679 carmina
2122 1604 2338 1707 epica
2367 1632 2709 1708 praeces-

498 1726 699 1817 sisse,
752 1751 1017 1802 omnes
1051 1721 1499 1799 concedent·
1540 1761 1633 1775 —-
1700 1721 2165 1815 Secundum,
2220 1726 2436 1828 quod
2467 1754 2703 1831 supra

503 1849 755 1950 tetigi,
818 1846 1213 1924 vetustatis
1277 1845 1626 1946 signum,
1701 1863 1811 1920 est
1861 1846 2233 1922 orationis
2284 1848 2370 1923 in
2411 1850 2707 1952 Upani·

497 1969 866 2051 shadibus
915 1965 1427 2045 conformatio
1438 1998 1462 2059 3
1517 1965 1786 2042 breves
1825 1967 2292 2070 plerumque
2321 1988 2505 2045 sunt
2533 1996 2702 2046 sen-

503 2091 826 2181 tentiae,
905 2114 1159 2192 neque
1209 2105 1422 2163 arcto
1472 2087 1790 2163 vinculo
1841 2114 2265 2180 connexae,
2334 2117 2702 2197 saepenu-

497 2240 712 2291 mero
785 2211 1135 2316 elliptico
1213 2207 1523 2299 dicendi
1594 2233 1869 2311 genere
1932 2210 2538 2304 obscurissimae,
2609 2234 2700 2294 ut

497 2337 664 2426 sine
715 2331 1248 2414 commentarii
1287 2356 1433 2437 ope
1466 2333 1596 2407 vix
1629 2331 1960 2435 intelligi
2010 2334 2324 2438 possint.
2412 2338 2695 2417 Omnia

498 2460 809 2563 antiqui
892 2457 1260 2563 temporis
1302 2561 1307 2568 ι
1344 2454 1918 2559 simplicitatem
1991 2483 2177 2561 prae
2242 2484 2320 2534 se
2393 2461 2692 2555 ferunt3

496 2585 913 2664 rverborum
990 2580 1595 2684 compositorum
1663 2605 1845 2653 usus
1909 2606 2071 2655 non
2125 2599 2282 2656 tam
2334 2581 2696 2687 frequens

497 2726 642 2797 est,
696 2734 934 2809 quam
970 2706 1055 2782 in
1098 2704 1319 2778 libris
1359 2701 1952 2806 posterioribus,
2004 2703 2146 2804 qui
2178 2706 2692 2809 componendi

497 2830 814 2906 licentia
862 2851 1084 2929 saepe
1135 2825 1618 2919 abutuntur3
1674 2828 1892 2901 nulla
1924 2846 2036 2902 est
2066 2831 2440 2905 sermonis
2468 2831 2694 2906 uben-

495 2970 655 3044 tas,
721 2949 850 3027 sed
915 2949 1175 3053 potius
1238 2947 1622 3050 quaedam
1678 2949 1761 3024 in
1815 2948 2144 3026 dicendo
2213 2953 2571 3029 sterilitas
2616 2970 2694 3030 et

495 3074 924 3152 earundem
992 3073 1554 3175 cogitationum
1621 3075 2021 3178 repetiti03
2097 3074 2328 3175 logici
2399 3074 2692 3152 ordinis

499 3200 695 3302 leges
727 3199 1191 3303 plerumque
1226 3195 1635 3288 desideras3
1687 3196 1930 3272 oratio
1970 3196 2080 3270 ibi
2123 3214 2429 3273 tantum
2465 3201 2691 3275 altius

495 3321 872 3421 exsurgit,
944 3315 1085 3394 ubi
1162 3318 1410 3394 divini
1480 3321 1829 3397 numinis
1900 3339 2181 3395 natura
2229 3320 2692 3397 describitur

494 3462 575 3520 et
624 3442 1018 3518 laudatur.
1119 3442 1512 3518 Habemus
1578 3442 1876 3543 insigne
1931 3442 2172 3526 huius
2220 3444 2400 3546 styli
2447 3468 2691 3517 exem-

492 3568 717 3671 plum
769 3566 854 3638 in
880 3561 1249 3651 Catbaca,
1299 3565 1522 3640 cuius
1573 3565 1894 3640 initium
1949 3565 2396 3668 praesertim
2451 3560 2687 3640 nimia

494 3688 964 3766 obscuritate
1036 3686 1383 3775 laborat3
1459 3667 1823 3790 idemque
1892 3688 2295 3764 observare
2360 3689 2542 3764 licet
2602 3687 2687 3763 in

493 3810 1019 3914 Chhandogya
1041 3868 1061 3901 ,
1113 3837 1572 3913 quanquam
1604 3835 1691 3885 ea
1716 3809 2167 3913 Upanisbad
2202 3809 2399 3885 mihi
2435 3811 2688 3901 minus

489 3932 812 4009 horrida
863 3953 941 4010 et
991 3934 1288 4010 inculta
1330 3933 1655 4007 videtur.
1723 3931 2042 4008 Accedit
2084 3931 2184 4007 ad
2218 3932 2423 4008 hanc
2457 3934 2687 4009 totius

491 4057 861 4135 orationis
911 4056 1254 4133 indolem
1305 4055 1389 4130 in
1442 4055 1765 4157 singulis
1811 4055 2080 4133 formis
2124 4055 2509 4159 quaedam
2556 4085 2685 4132 ana-
