<?xml version="1.0" encoding="UTF-8"?>
<!DOCTYPE html PUBLIC "-//W3C//DTD XHTML 1.0 Transitional//EN"
    "http://www.w3.org/TR/xhtml1/DTD/xhtml1-transitional.dtd">
<html xmlns="http://www.w3.org/1999/xhtml" xml:lang="en" lang="en">
 <head>
  <title>
</title>
<meta http-equiv="Content-Type" content="text/html;charset=utf-8" />
  <meta name='ocr-system' content='tesseract 3.04.00' />
  <meta name='ocr-capabilities' content='ocr_page ocr_carea ocr_par ocr_line ocrx_word'/>
</head>
<body>
  <div class='ocr_page' id='page_1' title='image "./sancarasivedeth00windgoog_0112.png"; bbox 0 0 2964 4737; ppageno 0'>
   <div class='ocr_carea' id='block_1_1' title="bbox 378 1485 2788 4135">
    <p class='ocr_par' dir='ltr' id='par_1_1' title="bbox 378 1485 2788 4135">
     <span class='ocr_line' id='line_1_1' title="bbox 448 1485 2658 1595; baseline -0.004 -28"><span class='ocrx_word' id='word_1_1' title='bbox 448 1494 779 1568; x_wconf 84' lang='lat' dir='ltr'><strong>Brahma</strong></span> <span class='ocrx_word' id='word_1_2' title='bbox 833 1513 1113 1570; x_wconf 84' lang='lat' dir='ltr'><strong>natura</strong></span> <span class='ocrx_word' id='word_1_3' title='bbox 1167 1521 1303 1570; x_wconf 89' lang='lat' dir='ltr'><strong>sua</strong></span> <span class='ocrx_word' id='word_1_4' title='bbox 1358 1513 1800 1582; x_wconf 87' lang='lat' dir='ltr'><strong>aeternum,</strong></span> <span class='ocrx_word' id='word_1_5' title='bbox 1853 1513 2183 1595; x_wconf 86' lang='lat' dir='ltr'><strong>purum,</strong></span> <span class='ocrx_word' id='word_1_6' title='bbox 2235 1485 2658 1574; x_wconf 72' lang='lat' dir='ltr'><strong>rationale,</strong></span> 
     </span>
     <span class='ocr_line' id='line_1_2' title="bbox 450 1605 2661 1716; baseline -0.005 -26"><span class='ocrx_word' id='word_1_7' title='bbox 450 1617 906 1707; x_wconf 86' lang='lat' dir='ltr'><strong>liberatum,</strong></span> <span class='ocrx_word' id='word_1_8' title='bbox 960 1642 1189 1691; x_wconf 89' lang='lat' dir='ltr'><strong>omne</strong></span> <span class='ocrx_word' id='word_1_9' title='bbox 1220 1616 1500 1700; x_wconf 88' lang='lat' dir='ltr'><strong>sciens,</strong></span> <span class='ocrx_word' id='word_1_10' title='bbox 1553 1615 1771 1690; x_wconf 90' lang='lat' dir='ltr'><strong>omni</strong></span> <span class='ocrx_word' id='word_1_11' title='bbox 1803 1610 2151 1716; x_wconf 86' lang='lat' dir='ltr'><strong>potentia</strong></span> <span class='ocrx_word' id='word_1_12' title='bbox 2186 1605 2661 1714; x_wconf 84' lang='lat' dir='ltr'><strong>praeditum.</strong></span> 
     </span>
     <span class='ocr_line' id='line_1_3' title="bbox 447 1730 2667 1843; baseline -0.005 -29"><span class='ocrx_word' id='word_1_13' title='bbox 447 1743 620 1843; x_wconf 89' lang='lat' dir='ltr'><strong>Ipsa</strong></span> <span class='ocrx_word' id='word_1_14' title='bbox 671 1740 883 1814; x_wconf 85' lang='lat' dir='ltr'><strong>enim</strong></span> <span class='ocrx_word' id='word_1_15' title='bbox 933 1737 1407 1814; x_wconf 82' lang='lat' dir='ltr'><strong>derivatione</strong></span> <span class='ocrx_word' id='word_1_16' title='bbox 1454 1738 1657 1815; x_wconf 83' lang='lat' dir='ltr'><strong>vocis</strong></span> <span class='ocrx_word' id='word_1_17' title='bbox 1679 1738 2025 1810; x_wconf 69' lang='lat' dir='ltr'><strong>Brahma</strong></span> <span class='ocrx_word' id='word_1_18' title='bbox 2059 1730 2667 1835; x_wconf 81' lang='lat' dir='ltr'><strong>significationes</strong></span> 
     </span>
     <span class='ocr_line' id='line_1_4' title="bbox 452 1857 2662 1964; baseline -0.004 -31"><span class='ocrx_word' id='word_1_19' title='bbox 452 1861 932 1937; x_wconf 81' lang='lat' dir='ltr'><strong>aeternitatis</strong></span> <span class='ocrx_word' id='word_1_20' title='bbox 1003 1862 1370 1963; x_wconf 87' lang='lat' dir='ltr'><strong>puritatis</strong></span> <span class='ocrx_word' id='word_1_21' title='bbox 1436 1879 1580 1936; x_wconf 88' lang='lat' dir='ltr'><strong>etc.</strong></span> <span class='ocrx_word' id='word_1_22' title='bbox 1656 1857 2241 1964; x_wconf 86' lang='lat' dir='ltr'><strong>percipiuntur,</strong></span> <span class='ocrx_word' id='word_1_23' title='bbox 2332 1865 2662 1956; x_wconf 82' lang='lat' dir='ltr'><strong>propter</strong></span> 
     </span>
     <span class='ocr_line' id='line_1_5' title="bbox 448 1973 2659 2055; baseline -0.003 -2"><span class='ocrx_word' id='word_1_24' title='bbox 448 2003 755 2054; x_wconf 88' lang='lat' dir='ltr'><strong>sensum</strong></span> <span class='ocrx_word' id='word_1_25' title='bbox 824 1978 1100 2055; x_wconf 82' lang='lat' dir='ltr'><strong>radicis</strong></span> <span class='ocrx_word' id='word_1_26' title='bbox 1163 1983 1370 2052; x_wconf 66' lang='lat' dir='ltr'><strong>‘vt-ih.</strong></span> <span class='ocrx_word' id='word_1_27' title='bbox 1471 1981 1660 2054; x_wconf 82' lang='lat' dir='ltr'><strong>Esse</strong></span> <span class='ocrx_word' id='word_1_28' title='bbox 1707 1997 1968 2053; x_wconf 85' lang='lat' dir='ltr'><strong>autem</strong></span> <span class='ocrx_word' id='word_1_29' title='bbox 2019 1975 2352 2049; x_wconf 86' lang='lat' dir='ltr'><strong>Brahma</strong></span> <span class='ocrx_word' id='word_1_30' title='bbox 2412 1973 2659 2048; x_wconf 87' lang='lat' dir='ltr'><strong>omni·</strong></span> 
     </span>
     <span class='ocr_line' id='line_1_6' title="bbox 378 2096 2661 2198; baseline -0.003 -27"><span class='ocrx_word' id='word_1_31' title='bbox 378 2096 382 2101; x_wconf 69' lang='grc'>’</span> <span class='ocrx_word' id='word_1_32' title='bbox 449 2098 597 2175; x_wconf 86' lang='lat' dir='ltr'><strong>bus</strong></span> <span class='ocrx_word' id='word_1_33' title='bbox 669 2119 951 2176; x_wconf 88' lang='lat' dir='ltr'><strong>notum</strong></span> <span class='ocrx_word' id='word_1_34' title='bbox 1016 2119 1096 2177; x_wconf 94' lang='lat' dir='ltr'><strong>et</strong></span> <span class='ocrx_word' id='word_1_35' title='bbox 1159 2098 1549 2174; x_wconf 90' lang='lat' dir='ltr'><strong>creditum</strong></span> <span class='ocrx_word' id='word_1_36' title='bbox 1618 2115 1763 2188; x_wconf 90' lang='lat' dir='ltr'><strong>est,</strong></span> <span class='ocrx_word' id='word_1_37' title='bbox 1839 2096 2028 2198; x_wconf 82' lang='lat' dir='ltr'><strong>quia</strong></span> <span class='ocrx_word' id='word_1_38' title='bbox 2077 2121 2345 2170; x_wconf 89' lang='lat' dir='ltr'><strong>omnes</strong></span> <span class='ocrx_word' id='word_1_39' title='bbox 2414 2097 2661 2194; x_wconf 80' lang='lat' dir='ltr'><strong>ipsum</strong></span> 
     </span>
     <span class='ocr_line' id='line_1_7' title="bbox 449 2213 2659 2317; baseline -0.003 -23"><span class='ocrx_word' id='word_1_40' title='bbox 449 2217 873 2312; x_wconf 82' lang='lat' dir='ltr'><strong>(animum,</strong></span> <span class='ocrx_word' id='word_1_41' title='bbox 947 2221 1080 2296; x_wconf 90' lang='lat' dir='ltr'><strong>ein</strong></span> <span class='ocrx_word' id='word_1_42' title='bbox 1127 2218 1383 2314; x_wconf 88' lang='lat' dir='ltr'><strong>selbst)</strong></span> <span class='ocrx_word' id='word_1_43' title='bbox 1450 2220 1766 2295; x_wconf 88' lang='lat' dir='ltr'><strong>habent.</strong></span> <span class='ocrx_word' id='word_1_44' title='bbox 1873 2217 2224 2317; x_wconf 83' lang='lat' dir='ltr'><strong>Quisque</strong></span> <span class='ocrx_word' id='word_1_45' title='bbox 2272 2215 2483 2290; x_wconf 91' lang='lat' dir='ltr'><strong>enim</strong></span> <span class='ocrx_word' id='word_1_46' title='bbox 2533 2213 2659 2288; x_wconf 88' lang='lat' dir='ltr'><strong>sui</strong></span> 
     </span>
     <span class='ocr_line' id='line_1_8' title="bbox 452 2339 2657 2447; baseline -0.001 -34"><span class='ocrx_word' id='word_1_47' title='bbox 452 2339 695 2443; x_wconf 89' lang='lat' dir='ltr'><strong>ipsius</strong></span> <span class='ocrx_word' id='word_1_48' title='bbox 778 2341 1263 2420; x_wconf 80' lang='lat' dir='ltr'><strong>existentiam</strong></span> <span class='ocrx_word' id='word_1_49' title='bbox 1344 2339 1732 2447; x_wconf 74' lang='lat' dir='ltr'><strong>percipit:</strong></span> <span class='ocrx_word' id='word_1_50' title='bbox 1817 2361 1969 2413; x_wconf 87' lang='lat' dir='ltr'><strong>non</strong></span> <span class='ocrx_word' id='word_1_51' title='bbox 2032 2361 2177 2437; x_wconf 82' lang='lat' dir='ltr'><strong>ego</strong></span> <span class='ocrx_word' id='word_1_52' title='bbox 2247 2360 2399 2411; x_wconf 86' lang='lat' dir='ltr'><strong>non</strong></span> <span class='ocrx_word' id='word_1_53' title='bbox 2466 2361 2657 2410; x_wconf 83' lang='lat' dir='ltr'><strong>sum.</strong></span> 
     </span>
     <span class='ocr_line' id='line_1_9' title="bbox 451 2457 2665 2565; baseline -0.003 -27"><span class='ocrx_word' id='word_1_54' title='bbox 451 2462 748 2559; x_wconf 83' lang='lat' dir='ltr'><strong>Quodsi</strong></span> <span class='ocrx_word' id='word_1_55' title='bbox 800 2463 1013 2537; x_wconf 79' lang='lat' dir='ltr'><strong>eni-m</strong></span> <span class='ocrx_word' id='word_1_56' title='bbox 1063 2489 1226 2538; x_wconf 91' lang='lat' dir='ltr'><strong>non</strong></span> <span class='ocrx_word' id='word_1_57' title='bbox 1278 2463 1690 2565; x_wconf 84' lang='lat' dir='ltr'><strong>suiipsius</strong></span> <span class='ocrx_word' id='word_1_58' title='bbox 1736 2459 2137 2535; x_wconf 84' lang='lat' dir='ltr'><strong>existentia</strong></span> <span class='ocrx_word' id='word_1_59' title='bbox 2176 2457 2665 2546; x_wconf 42' lang='lat' dir='ltr'><strong>crederetur}</strong></span> 
     </span>
     <span class='ocr_line' id='line_1_10' title="bbox 449 2578 2657 2684; baseline -0.005 -26"><span class='ocrx_word' id='word_1_60' title='bbox 449 2584 700 2666; x_wconf 87' lang='lat' dir='ltr'><strong>omnis</strong></span> <span class='ocrx_word' id='word_1_61' title='bbox 763 2581 1140 2663; x_wconf 79' lang='lat' dir='ltr'><strong>mundus:</strong></span> <span class='ocrx_word' id='word_1_62' title='bbox 1209 2606 1353 2681; x_wconf 85' lang='lat' dir='ltr'><strong>ego</strong></span> <span class='ocrx_word' id='word_1_63' title='bbox 1403 2607 1565 2656; x_wconf 84' lang='lat' dir='ltr'><strong>non.</strong></span> <span class='ocrx_word' id='word_1_64' title='bbox 1615 2607 1780 2656; x_wconf 79' lang='lat' dir='ltr'><strong>sum</strong></span> <span class='ocrx_word' id='word_1_65' title='bbox 1843 2580 2298 2684; x_wconf 83' lang='lat' dir='ltr'><strong>perciperet.</strong></span> <span class='ocrx_word' id='word_1_66' title='bbox 2401 2578 2657 2676; x_wconf 84' lang='lat' dir='ltr'><strong>Ipsum</strong></span> 
     </span>
     <span class='ocr_line' id='line_1_11' title="bbox 452 2696 2655 2799; baseline -0.004 -21"><span class='ocrx_word' id='word_1_67' title='bbox 452 2700 818 2799; x_wconf 89' lang='lat' dir='ltr'><strong>(animus)</strong></span> <span class='ocrx_word' id='word_1_68' title='bbox 892 2721 1158 2778; x_wconf 87' lang='lat' dir='ltr'><strong>autem</strong></span> <span class='ocrx_word' id='word_1_69' title='bbox 1224 2702 1423 2777; x_wconf 84' lang='lat' dir='ltr'><strong>illud</strong></span> <span class='ocrx_word' id='word_1_70' title='bbox 1476 2720 1590 2777; x_wconf 35' lang='lat' dir='ltr'><strong>est*</strong></span> <span class='ocrx_word' id='word_1_71' title='bbox 1638 2702 2007 2794; x_wconf 87' lang='lat' dir='ltr'><strong>Brahma3</strong></span> <span class='ocrx_word' id='word_1_72' title='bbox 2084 2717 2162 2774; x_wconf 88' lang='lat' dir='ltr'><strong>et</strong></span> <span class='ocrx_word' id='word_1_73' title='bbox 2208 2700 2268 2774; x_wconf 90' lang='lat' dir='ltr'><strong>si</strong></span> <span class='ocrx_word' id='word_1_74' title='bbox 2323 2696 2655 2772; x_wconf 87' lang='lat' dir='ltr'><strong>Brahma</strong></span> 
     </span>
     <span class='ocr_line' id='line_1_12' title="bbox 444 2822 2661 2927; baseline -0.003 -29"><span class='ocrx_word' id='word_1_75' title='bbox 444 2824 571 2898; x_wconf 40' lang='lat' dir='ltr'><strong>ab,</strong></span> <span class='ocrx_word' id='word_1_76' title='bbox 598 2825 970 2898; x_wconf 88' lang='lat' dir='ltr'><strong>omnibus.</strong></span> <span class='ocrx_word' id='word_1_77' title='bbox 1007 2850 1156 2927; x_wconf 86' lang='lat' dir='ltr'><strong>pro</strong></span> <span class='ocrx_word' id='word_1_78' title='bbox 1223 2828 1384 2922; x_wconf 77' lang='lat' dir='ltr'><strong>ipso</strong></span> <span class='ocrx_word' id='word_1_79' title='bbox 1435 2823 1807 2905; x_wconf 80' lang='lat' dir='ltr'><strong>habetur,</strong></span> <span class='ocrx_word' id='word_1_80' title='bbox 1877 2822 2280 2922; x_wconf 85' lang='lat' dir='ltr'><strong>cognitum</strong></span> <span class='ocrx_word' id='word_1_81' title='bbox 2332 2836 2472 2907; x_wconf 89' lang='lat' dir='ltr'><strong>est,</strong></span> <span class='ocrx_word' id='word_1_82' title='bbox 2536 2842 2661 2891; x_wconf 87' lang='lat' dir='ltr'><strong>er·-</strong></span> 
     </span>
     <span class='ocr_line' id='line_1_13' title="bbox 403 2936 2788 3049; baseline -0.003 -31"><span class='ocrx_word' id='word_1_83' title='bbox 403 2936 696 3044; x_wconf 72' lang='lat' dir='ltr'><strong>&#39;goque</strong></span> <span class='ocrx_word' id='word_1_84' title='bbox 748 2971 909 3018; x_wconf 91' lang='lat' dir='ltr'><strong>non</strong></span> <span class='ocrx_word' id='word_1_85' title='bbox 957 2943 1295 3049; x_wconf 89' lang='lat' dir='ltr'><strong>amplius</strong></span> <span class='ocrx_word' id='word_1_86' title='bbox 1344 2941 1989 3045; x_wconf 71' lang='lat' dir='ltr'><strong>cognoscendum.</strong></span> <span class='ocrx_word' id='word_1_87' title='bbox 2051 2942 2411 3017; x_wconf 86' lang='lat' dir='ltr'><strong>Minime:</strong></span> <span class='ocrx_word' id='word_1_88' title='bbox 2463 2939 2657 3041; x_wconf 86' lang='lat' dir='ltr'><strong>quia</strong></span> <span class='ocrx_word' id='word_1_89' title='bbox 2781 3023 2788 3029; x_wconf 45' lang='grc'><em>,</em></span> 
     </span>
     <span class='ocr_line' id='line_1_14' title="bbox 443 3062 2657 3168; baseline -0.004 -24"><span class='ocrx_word' id='word_1_90' title='bbox 443 3088 723 3163; x_wconf 79' lang='lat' dir='ltr'><strong>magna</strong></span> <span class='ocrx_word' id='word_1_91' title='bbox 760 3081 872 3140; x_wconf 88' lang='lat' dir='ltr'><strong>est</strong></span> <span class='ocrx_word' id='word_1_92' title='bbox 913 3062 1203 3139; x_wconf 86' lang='lat' dir='ltr'><strong>deeius</strong></span> <span class='ocrx_word' id='word_1_93' title='bbox 1236 3063 1847 3168; x_wconf 86' lang='lat' dir='ltr'><strong>proprietatibus</strong></span> <span class='ocrx_word' id='word_1_94' title='bbox 1898 3063 2315 3163; x_wconf 76' lang='lat' dir='ltr'><strong>contentio.</strong></span> <span class='ocrx_word' id='word_1_95' title='bbox 2383 3063 2657 3136; x_wconf 84' lang='lat' dir='ltr'><strong>Solum</strong></span> 
     </span>
     <span class='ocr_line' id='line_1_15' title="bbox 443 3180 2714 3288; baseline -0.001 -30"><span class='ocrx_word' id='word_1_96' title='bbox 443 3209 757 3288; x_wconf 83' lang='lat' dir='ltr'><strong>corpus,</strong></span> <span class='ocrx_word' id='word_1_97' title='bbox 832 3185 1042 3261; x_wconf 83' lang='lat' dir='ltr'><strong>vitae.</strong></span> <span class='ocrx_word' id='word_1_98' title='bbox 1083 3184 1558 3287; x_wconf 77' lang='lat' dir='ltr'><strong>proprietate</strong></span> <span class='ocrx_word' id='word_1_99' title='bbox 1623 3180 2101 3287; x_wconf 87' lang='lat' dir='ltr'><strong>praeditum,</strong></span> <span class='ocrx_word' id='word_1_100' title='bbox 2173 3186 2412 3281; x_wconf 83' lang='lat' dir='ltr'><strong>ipsum</strong></span> <span class='ocrx_word' id='word_1_101' title='bbox 2464 3207 2652 3265; x_wconf 82' lang='lat' dir='ltr'><strong>esse,</strong></span> <span class='ocrx_word' id='word_1_102' title='bbox 2708 3187 2714 3196; x_wconf 82' lang='grc'>’</span> 
     </span>
     <span class='ocr_line' id='line_1_16' title="bbox 447 3300 2659 3406; baseline -0.002 -22"><span class='ocrx_word' id='word_1_103' title='bbox 447 3303 799 3384; x_wconf 80' lang='lat' dir='ltr'><strong>homines</strong></span> <span class='ocrx_word' id='word_1_104' title='bbox 847 3305 1130 3380; x_wconf 83' lang='lat' dir='ltr'><strong>abiecti</strong></span> <span class='ocrx_word' id='word_1_105' title='bbox 1180 3322 1259 3378; x_wconf 90' lang='lat' dir='ltr'><strong>et</strong></span> <span class='ocrx_word' id='word_1_106' title='bbox 1287 3303 1726 3406; x_wconf 83' lang='lat' dir='ltr'><strong>Loeayatici</strong></span> <span class='ocrx_word' id='word_1_107' title='bbox 1761 3300 1888 3395; x_wconf 86' lang='lat' dir='ltr'><strong>(cf.</strong></span> <span class='ocrx_word' id='word_1_108' title='bbox 1927 3302 2224 3394; x_wconf 65' lang='lat' dir='ltr'><strong>Colebr.</strong></span> <span class='ocrx_word' id='word_1_109' title='bbox 2258 3305 2659 3380; x_wconf 75' lang='lat' dir='ltr'><strong>Transact-</strong></span> 
     </span>
     <span class='ocr_line' id='line_1_17' title="bbox 442 3411 2663 3529; baseline -0.002 -24"><span class='ocrx_word' id='word_1_110' title='bbox 442 3430 522 3519; x_wconf 89' lang='grc' dir='ltr'><strong>Ι,</strong></span> <span class='ocrx_word' id='word_1_111' title='bbox 574 3454 651 3529; x_wconf 86' lang='lat' dir='ltr'><strong>p</strong></span> <span class='ocrx_word' id='word_1_112' title='bbox 693 3425 861 3525; x_wconf 87' lang='grc'><strong>567</strong></span> <span class='ocrx_word' id='word_1_113' title='bbox 937 3443 1048 3500; x_wconf 86' lang='lat' dir='ltr'><strong>est</strong></span> <span class='ocrx_word' id='word_1_114' title='bbox 1112 3442 1313 3500; x_wconf 81' lang='lat' dir='ltr'><strong>secta</strong></span> <span class='ocrx_word' id='word_1_115' title='bbox 1384 3420 1831 3517; x_wconf 84' lang='lat' dir='ltr'><strong>atheistioa)</strong></span> <span class='ocrx_word' id='word_1_116' title='bbox 1906 3411 2455 3520; x_wconf 61' lang='grc' dir='ltr'><strong>οοηιθυὼιηῐς</strong></span> <span class='ocrx_word' id='word_1_117' title='bbox 2514 3426 2663 3500; x_wconf 87' lang='lat' dir='ltr'><strong>alii</strong></span> 
     </span>
     <span class='ocr_line' id='line_1_18' title="bbox 441 3542 2666 3647; baseline -0 -25"><span class='ocrx_word' id='word_1_118' title='bbox 441 3544 700 3622; x_wconf 74' lang='lat' dir='ltr'><strong>sensus</strong></span> <span class='ocrx_word' id='word_1_119' title='bbox 731 3546 1028 3636; x_wconf 83' lang='lat' dir='ltr'><strong>vitales,</strong></span> <span class='ocrx_word' id='word_1_120' title='bbox 1065 3545 1203 3620; x_wconf 87' lang='lat' dir='ltr'><strong>alii</strong></span> <span class='ocrx_word' id='word_1_121' title='bbox 1234 3564 1576 3622; x_wconf 85' lang='lat' dir='ltr'><strong>mentem</strong></span> <span class='ocrx_word' id='word_1_122' title='bbox 1600 3543 1737 3639; x_wconf 87' lang='grc' dir='ltr'><strong>(τὸ</strong></span> <span class='ocrx_word' id='word_1_123' title='bbox 1781 3542 2181 3647; x_wconf 74' lang='grc' dir='ltr'>ψυχικόν.);</span> <span class='ocrx_word' id='word_1_124' title='bbox 2234 3546 2401 3621; x_wconf 90' lang='lat' dir='ltr'><strong>uni</strong></span> <span class='ocrx_word' id='word_1_125' title='bbox 2410 3547 2666 3621; x_wconf 83' lang='lat' dir='ltr'><strong>solam</strong></span> 
     </span>
     <span class='ocr_line' id='line_1_19' title="bbox 444 3665 2667 3768; baseline -0.002 -24"><span class='ocrx_word' id='word_1_126' title='bbox 444 3666 1040 3768; x_wconf 83' lang='lat' dir='ltr'><strong>intelligentiam</strong></span> <span class='ocrx_word' id='word_1_127' title='bbox 1090 3666 1731 3760; x_wconf 85' lang='lat' dir='ltr'><strong>momentariam3</strong></span> <span class='ocrx_word' id='word_1_128' title='bbox 1787 3665 2033 3742; x_wconf 86' lang='lat' dir='ltr'><strong>alteri</strong></span> <span class='ocrx_word' id='word_1_129' title='bbox 2060 3693 2434 3761; x_wconf 83' lang='lat' dir='ltr'><strong>vacuum3</strong></span> <span class='ocrx_word' id='word_1_130' title='bbox 2513 3666 2667 3740; x_wconf 88' lang='lat' dir='ltr'><strong>alii</strong></span> 
     </span>
     <span class='ocr_line' id='line_1_20' title="bbox 442 3786 2665 3892; baseline -0.003 -24"><span class='ocrx_word' id='word_1_131' title='bbox 442 3815 490 3868; x_wconf 79' lang='lat' dir='ltr'><strong>a</strong></span> <span class='ocrx_word' id='word_1_132' title='bbox 541 3813 866 3892; x_wconf 54' lang='lat' dir='ltr'><strong>corp-ore</strong></span> <span class='ocrx_word' id='word_1_133' title='bbox 930 3786 1350 3879; x_wconf 80' lang='lat' dir='ltr'><strong>diversum,</strong></span> <span class='ocrx_word' id='word_1_134' title='bbox 1420 3806 1762 3866; x_wconf 76' lang='lat' dir='ltr'><strong>aeterno</strong></span> <span class='ocrx_word' id='word_1_135' title='bbox 1785 3814 1975 3889; x_wconf 79' lang='lat' dir='ltr'><strong>gyro</strong></span> <span class='ocrx_word' id='word_1_136' title='bbox 2039 3788 2480 3864; x_wconf 73' lang='lat' dir='ltr'><strong>subiectum</strong></span> <span class='ocrx_word' id='word_1_137' title='bbox 2496 3819 2509 3858; x_wconf 71' lang='grc' dir='ltr'>ι</span> <span class='ocrx_word' id='word_1_138' title='bbox 2540 3787 2665 3861; x_wconf 55' lang='lat' dir='ltr'><strong>fii-.-⁶</strong></span> 
     </span>
     <span class='ocr_line' id='line_1_21' title="bbox 442 3905 2661 4013; baseline -0 -27"><span class='ocrx_word' id='word_1_139' title='bbox 442 3908 773 3986; x_wconf 82' lang='lat' dir='ltr'><strong>cientem</strong></span> <span class='ocrx_word' id='word_1_140' title='bbox 821 3905 1121 4013; x_wconf 70' lang='lat' dir='ltr'><strong>(opera)</strong></span> <span class='ocrx_word' id='word_1_141' title='bbox 1172 3926 1263 3985; x_wconf 89' lang='lat' dir='ltr'><strong>et·</strong></span> <span class='ocrx_word' id='word_1_142' title='bbox 1299 3910 1695 3985; x_wconf 75' lang='lat' dir='ltr'><strong>fruentem</strong></span> <span class='ocrx_word' id='word_1_143' title='bbox 1742 3905 2150 4001; x_wconf 70' lang='lat' dir='ltr'><strong>(mercede)</strong></span> <span class='ocrx_word' id='word_1_144' title='bbox 2205 3914 2449 4008; x_wconf 74' lang='lat' dir='ltr'><strong>ipsum</strong></span> <span class='ocrx_word' id='word_1_145' title='bbox 2497 3933 2661 3985; x_wconf 71' lang='lat' dir='ltr'><strong>esse</strong></span> 
     </span>
     <span class='ocr_line' id='line_1_22' title="bbox 441 4029 2663 4135; baseline -0.001 -30"><span class='ocrx_word' id='word_1_146' title='bbox 441 4030 1222 4135; x_wconf 74' lang='lat' dir='ltr'><strong>opinantur3rursus</strong></span> <span class='ocrx_word' id='word_1_147' title='bbox 1268 4029 1848 4107; x_wconf 63' lang='lat' dir='ltr'><strong>alii1fruentem</strong></span> <span class='ocrx_word' id='word_1_148' title='bbox 1902 4046 2244 4122; x_wconf 85' lang='lat' dir='ltr'><strong>tantum,</strong></span> <span class='ocrx_word' id='word_1_149' title='bbox 2324 4057 2490 4109; x_wconf 80' lang='lat' dir='ltr'><strong>non</strong></span> <span class='ocrx_word' id='word_1_150' title='bbox 2537 4030 2663 4107; x_wconf 61' lang='lat' dir='ltr'><strong>fri-.-</strong></span> 
     </span>
    </p>
   </div>
  </div>
 </body>
</html>
