2964 4737
1261 301 1802 411 -5148-

423 518 644 573 mur:
710 494 904 569 Rs.
951 497 1029 582 1,
1067 499 1150 589 4,
1194 497 1283 569 23
1358 519 1431 597 p.
1476 519 1630 566 122.
1731 487 2275 596 Aphorismus:
2331 487 2430 565 Et
2463 487 2667 567 sub-ff

423 621 739 701 stantia,
808 619 989 716 quia
1034 620 1149 689 sic
1205 618 1627 715 propositio
1662 631 1753 703 et
1804 612 2161 717 ‘exempla
2212 635 2363 684 non
2414 615 2641 710 impe-

424 740 759 812 diamur.
866 739 1153 814 Comm.
1224 742 1522 844 „Supra
1568 736 1870 815 dictum
1919 756 2065 812 est:
2132 733 2639 838 quemadmo-

422 859 614 934 dum
667 862 864 963 leges
916 859 1088 936 ideo
1146 876 1617 962 cognoscere
1652 858 2092 950 debeamus,
2158 859 2345 961 quia
2395 877 2643 932 exter-

420 1006 568 1055 nae
617 981 1012 1057 felicitatis
1074 1008 1329 1059 caussa
1378 982 1569 1070 sint,
1634 982 1744 1075 sic
1795 981 2123 1056 Brahma
2187 1005 2644 1080 cognoscen-

426 1102 621 1179 dum
656 1129 841 1192 esse,
895 1123 987 1179 ut
1024 1126 1360 1179 caussam
1394 1124 1815 1209 perpetuae
1843 1101 2386 1196 beatitudinis3
2421 1101 2641 1204 quod

422 1225 752 1300 Brahma
820 1226 928 1300 sic
996 1225 1409 1300 definitum
1480 1245 1661 1302 estz·
1719 1252 1762 1300 e
1830 1251 1988 1327 quo
2055 1226 2293 1303 huius
2357 1223 2638 1310 mundi

406 1348 637 1448 origo
710 1344 1232 1438 (conservatio
1304 1365 1383 1421 et
1451 1342 1950 1440 destructio).
2053 1336 2322 1442 Quum
2374 1364 2644 1421 autem

419 1469 611 1544 haec
661 1468 1014 1544 definitio
1044 1487 1122 1544 et
1165 1467 1248 1543 in
1282 1495 1622 1545 caussam
1674 1469 2152 1545 materialem
2203 1467 2324 1563 (ut
2360 1469 2641 1571 argilla

420 1611 500 1667 et
549 1590 835 1667 aurum
903 1610 1092 1667 sunt
1166 1618 1468 1667 caussae
1518 1594 1949 1669 materiales
2010 1593 2346 1685 ollarum
2395 1609 2475 1667 et
2516 1617 2641 1666 ar-

420 1712 852 1810 millarum)
905 1735 983 1792 et
1036 1716 1122 1791 in
1172 1741 1513 1792 caussam
1563 1706 2018 1791 efficientem
2067 1712 2188 1810 (ut
2238 1715 2518 1817 figulus
2558 1733 2641 1791 et

426 1838 731 1917 aurifex
794 1857 981 1915 sunt
1048 1862 1348 1914 caussae
1415 1837 1856 1932 efficientes)
1924 1836 2295 1940 quadret,
2382 1836 2641 1912 oritur

420 1957 854 2053 dubitatio,
909 1959 1131 2034 cuius
1178 1958 1475 2060 generis
1525 1959 1624 2035 sit
1675 1948 2130 2035 Brahmanis
2182 1958 2637 2033 caussalitas.

422 2078 592 2175 (Ad
653 2079 874 2182 quod
946 2080 1055 2155 sic
1125 2077 1658 2185 procediturz)
1733 2080 2308 2156 Tantummodo
2381 2107 2639 2158 caussa

423 2201 765 2277 efficiens
811 2199 1058 2278 videri
1111 2201 1347 2307 possit
1363 2236 1385 2297 3
1436 2205 1992 2306 quamohrem?
2035 2204 2223 2305 quia
2275 2203 2358 2276 in
2407 2205 2639 2280 sacris

311 2396 318 2400 ⁴
424 2323 650 2401 libri's
701 2320 1171 2402 desiderium
1229 2309 1405 2401 *eius
1468 2326 1941 2401 activitatem
1999 2326 2475 2431 praecessisse
2525 2325 2641 2401 di-

424 2450 675 2539 citur,
726 2467 821 2527 ut
870 2448 955 2523 in
1004 2448 1155 2524 hoc
1206 2448 1744 2552 similibusque
1794 2448 2016 2524 locis:
2069 2449 2131 2524 is
2181 2447 2640 2526 desideravit

426 2591 507 2648 et
560 2572 925 2676 spiritum
978 2571 1288 2647 creavit.
1386 2572 1755 2649 Aetivitas
1804 2591 2101 2660 autem,
2169 2573 2296 2647 cui
2349 2571 2640 2647 deside-

428 2695 640 2769 rium
672 2692 1110 2799 praecedit,
1164 2693 1245 2767 in
1287 2694 1565 2769 caussis
1591 2694 2107 2769 efficientibus
2143 2693 2432 2796 (figulis
2464 2697 2637 2788 etc.)

428 2815 952 2918 conspicitur,
1024 2833 1101 2889 et
1165 2814 1252 2887 in
1297 2814 1455 2888 vita
1525 2813 1984 2917 quotidiana
2033 2840 2120 2890 ea
2185 2817 2488 2919 negotia
2537 2815 2640 2890 ad

429 2939 668 3013 finem
718 2935 1043 3041 perduci
1098 2934 1488 3024 videmus,
1553 2937 1637 3010 in
1690 2937 1979 3038 quibus
2031 2939 2261 3041 plura
2333 2938 2639 3041 agentia

430 3057 933 3163 praecedunt.
1033 3056 1322 3133 Eadem
1365 3058 1567 3133 ratio
1600 3059 1833 3134 etiam
1884 3059 1966 3133 in
2004 3053 2352 3164 primum
2404 3060 2641 3137 facto-

431 3206 598 3257 rem
650 3180 1119 3257 conferenda
1168 3199 1315 3267 est,
1365 3205 1534 3255 eam
1580 3182 1684 3256 ob
1723 3208 2097 3270 caussam,
2146 3182 2640 3286 quod-domi-

429 3333 581 3382 nus
629 3331 780 3380 esse
830 3303 1326 3407 perhibetur3
1392 3329 1654 3379 omnes
1703 3306 1914 3380 enim
1966 3303 2264 3380 domini
2317 3302 2455 3385 (ut
2505 3334 2640 3381 rex

323 3485 326 3488 ι
429 3429 870 3522 Vaivasvat‚
944 3421 1127 3517 alii)
1208 3443 1512 3499 tantum
1553 3453 1883 3502 caussae
1949 3427 2355 3503 efficientes
2415 3448 2636 3519 sunt,

429 3547 647 3623 unde
713 3545 949 3622 etiam
1021 3544 1363 3647 supremi
1441 3530 1740 3622 domini
1809 3550 2242 3625 caussalitas
2310 3539 2642 3626 efficiens

433 3667 843 3746 redundat.
920 3668 1190 3763 Quum
1233 3694 1412 3743 vero
1445 3668 1577 3744 bic
1619 3670 1995 3760 munduS,
2030 3674 2363 3749 effectus
2404 3676 2639 3749 actio-

430 3792 589 3880 niS,
646 3789 1010 3866 membris
1060 3789 1496 3893 praeditus,
1550 3794 1928 3868 insensilis
1978 3813 2056 3869 et
2108 3791 2463 3899 impurus
2511 3797 2633 3887 sit,

428 3914 665 3989 etiam
718 3939 973 3990 caussa
1023 3914 1401 3990 eiusmodi
1452 3942 1605 3991 esse
1653 3916 1915 4006 debet,
1988 3938 2309 4023 propter
2356 3947 2636 4023 aequa-

429 4037 815 4115 bilitatem
865 4040 1177 4115 effectus
1208 4059 1287 4115 et
1334 4065 1658 4115 caussae.
1740 4042 2069 4117 Brahma
2105 4070 2284 4120 vero
2333 4072 2496 4119 non
2542 4061 2636 4118 ut
