<?xml version="1.0" encoding="UTF-8"?>
<!DOCTYPE html PUBLIC "-//W3C//DTD XHTML 1.0 Transitional//EN"
    "http://www.w3.org/TR/xhtml1/DTD/xhtml1-transitional.dtd">
<html xmlns="http://www.w3.org/1999/xhtml" xml:lang="en" lang="en">
 <head>
  <title>
</title>
<meta http-equiv="Content-Type" content="text/html;charset=utf-8" />
  <meta name='ocr-system' content='tesseract 3.04.00' />
  <meta name='ocr-capabilities' content='ocr_page ocr_carea ocr_par ocr_line ocrx_word'/>
</head>
<body>
  <div class='ocr_page' id='page_1' title='image "./sancarasivedeth00windgoog_0103.png"; bbox 0 0 2964 4737; ppageno 0'>
   <div class='ocr_carea' id='block_1_1' title="bbox 265 533 2649 4154">
    <p class='ocr_par' dir='ltr' id='par_1_1' title="bbox 265 533 2649 4154">
     <span class='ocr_line' id='line_1_1' title="bbox 364 533 2573 639; baseline 0 -29"><span class='ocrx_word' id='word_1_1' title='bbox 364 554 503 610; x_wconf 85' lang='lat' dir='ltr'>tur</span> <span class='ocrx_word' id='word_1_2' title='bbox 550 534 1178 639; x_wconf 82' lang='lat' dir='ltr'>aphorismorum</span> <span class='ocrx_word' id='word_1_3' title='bbox 1243 537 1692 639; x_wconf 76' lang='lat' dir='ltr'><strong>scriptorem</strong></span> <span class='ocrx_word' id='word_1_4' title='bbox 1756 533 2185 610; x_wconf 70' lang='lat' dir='ltr'>miseriora</span> <span class='ocrx_word' id='word_1_5' title='bbox 2230 549 2573 637; x_wconf 85' lang='lat' dir='ltr'>tempora</span> 
     </span>
     <span class='ocr_line' id='line_1_2' title="bbox 365 653 2571 761; baseline 0 -31"><span class='ocrx_word' id='word_1_6' title='bbox 365 658 793 761; x_wconf 87' lang='lat' dir='ltr'>pertinere,</span> <span class='ocrx_word' id='word_1_7' title='bbox 849 659 1070 733; x_wconf 89' lang='lat' dir='ltr'>cuius</span> <span class='ocrx_word' id='word_1_8' title='bbox 1125 660 1233 732; x_wconf 89' lang='lat' dir='ltr'>rei</span> <span class='ocrx_word' id='word_1_9' title='bbox 1267 661 1660 760; x_wconf 81' lang='lat' dir='ltr'>vestigium</span> <span class='ocrx_word' id='word_1_10' title='bbox 1703 661 1785 734; x_wconf 92' lang='lat' dir='ltr'>in</span> <span class='ocrx_word' id='word_1_11' title='bbox 1824 653 2398 756; x_wconf 82' lang='lat' dir='ltr'>Sancaravijaya</span> <span class='ocrx_word' id='word_1_12' title='bbox 2455 657 2571 731; x_wconf 88' lang='lat' dir='ltr'>in·</span> 
     </span>
     <span class='ocr_line' id='line_1_3' title="bbox 360 777 2570 881; baseline 0.001 -32"><span class='ocrx_word' id='word_1_13' title='bbox 360 777 736 850; x_wconf 79' lang='lat' dir='ltr'>venimus.</span> <span class='ocrx_word' id='word_1_14' title='bbox 843 780 961 854; x_wconf 88' lang='lat' dir='ltr'>Ibi</span> <span class='ocrx_word' id='word_1_15' title='bbox 1016 781 1222 852; x_wconf 89' lang='lat' dir='ltr'>enim</span> <span class='ocrx_word' id='word_1_16' title='bbox 1263 783 1557 881; x_wconf 80' lang='lat' dir='ltr'>Vyasae</span> <span class='ocrx_word' id='word_1_17' title='bbox 1605 781 1810 853; x_wconf 81' lang='lat' dir='ltr'>silius</span> <span class='ocrx_word' id='word_1_18' title='bbox 1860 783 2052 853; x_wconf 88' lang='lat' dir='ltr'>Suca</span> <span class='ocrx_word' id='word_1_19' title='bbox 2106 779 2570 878; x_wconf 88' lang='lat' dir='ltr'>appellatur,</span> 
     </span>
     <span class='ocr_line' id='line_1_4' title="bbox 359 898 2569 1003; baseline -0.001 -29"><span class='ocrx_word' id='word_1_20' title='bbox 359 901 598 975; x_wconf 88' lang='lat' dir='ltr'>huius</span> <span class='ocrx_word' id='word_1_21' title='bbox 645 900 1071 1003; x_wconf 87' lang='lat' dir='ltr'>discipulus</span> <span class='ocrx_word' id='word_1_22' title='bbox 1110 899 1622 1002; x_wconf 79' lang='lat' dir='ltr'>Gaudapada,</span> <span class='ocrx_word' id='word_1_23' title='bbox 1680 902 1916 974; x_wconf 90' lang='lat' dir='ltr'>huius</span> <span class='ocrx_word' id='word_1_24' title='bbox 1968 898 2392 998; x_wconf 86' lang='lat' dir='ltr'>discipulus</span> <span class='ocrx_word' id='word_1_25' title='bbox 2417 899 2569 971; x_wconf 88' lang='lat' dir='ltr'>Go-</span> 
     </span>
     <span class='ocr_line' id='line_1_5' title="bbox 360 1019 2570 1121; baseline -0.001 -28"><span class='ocrx_word' id='word_1_26' title='bbox 360 1020 873 1104; x_wconf 87' lang='lat' dir='ltr'>vindanatha,</span> <span class='ocrx_word' id='word_1_27' title='bbox 971 1024 1351 1097; x_wconf 85' lang='lat' dir='ltr'>Sancarae</span> <span class='ocrx_word' id='word_1_28' title='bbox 1414 1022 1773 1121; x_wconf 81' lang='lat' dir='ltr'>magister</span> <span class='ocrx_word' id='word_1_29' title='bbox 1824 1019 2171 1114; x_wconf 84' lang='lat' dir='ltr'>(Colebr.</span> <span class='ocrx_word' id='word_1_30' title='bbox 2234 1022 2349 1090; x_wconf 80' lang='lat' dir='ltr'>As,</span> <span class='ocrx_word' id='word_1_31' title='bbox 2409 1021 2570 1092; x_wconf 86' lang='lat' dir='ltr'>Res.</span> 
     </span>
     <span class='ocr_line' id='line_1_6' title="bbox 359 1129 2567 1247; baseline -0.003 -29"><span class='ocrx_word' id='word_1_32' title='bbox 359 1147 585 1233; x_wconf 88' lang='lat' dir='ltr'><strong>VIII,</strong></span> <span class='ocrx_word' id='word_1_33' title='bbox 634 1172 708 1247; x_wconf 89' lang='lat' dir='ltr'>p.</span> <span class='ocrx_word' id='word_1_34' title='bbox 732 1145 971 1242; x_wconf 72' lang='lat'><strong>467.)3</strong></span> <span class='ocrx_word' id='word_1_35' title='bbox 1025 1170 1179 1243; x_wconf 85' lang='lat' dir='ltr'>qua</span> <span class='ocrx_word' id='word_1_36' title='bbox 1233 1129 1690 1244; x_wconf 68' lang='lat' dir='ltr'>genealogias</span> <span class='ocrx_word' id='word_1_37' title='bbox 1730 1142 1809 1216; x_wconf 87' lang='lat' dir='ltr'>id</span> <span class='ocrx_word' id='word_1_38' title='bbox 1859 1137 2273 1241; x_wconf 79' lang='lat' dir='ltr'>significari</span> <span class='ocrx_word' id='word_1_39' title='bbox 2329 1157 2567 1240; x_wconf 81' lang='lat' dir='ltr'>puto,</span> 
     </span>
     <span class='ocr_line' id='line_1_7' title="bbox 356 1266 2566 1369; baseline -0.004 -27"><span class='ocrx_word' id='word_1_40' title='bbox 356 1270 688 1369; x_wconf 87' lang='lat' dir='ltr'>Vyasam</span> <span class='ocrx_word' id='word_1_41' title='bbox 740 1266 819 1343; x_wconf 89' lang='lat' dir='ltr'>h.</span> <span class='ocrx_word' id='word_1_42' title='bbox 851 1292 914 1338; x_wconf 91' lang='lat' dir='ltr'>e.</span> <span class='ocrx_word' id='word_1_43' title='bbox 944 1269 1352 1341; x_wconf 88' lang='lat' dir='ltr'>Sutrorum</span> <span class='ocrx_word' id='word_1_44' title='bbox 1405 1268 1855 1368; x_wconf 80' lang='lat' dir='ltr'><strong>scriptorem</strong></span> <span class='ocrx_word' id='word_1_45' title='bbox 1911 1266 2213 1362; x_wconf 82' lang='lat' dir='ltr'>aliquot</span> <span class='ocrx_word' id='word_1_46' title='bbox 2260 1276 2566 1333; x_wconf 86' lang='lat' dir='ltr'>tantum</span> 
     </span>
     <span class='ocr_line' id='line_1_8' title="bbox 355 1372 2565 1491; baseline -0.003 -30"><span class='ocrx_word' id='word_1_47' title='bbox 355 1389 982 1488; x_wconf 82' lang='lat' dir='ltr'>generationibus</span> <span class='ocrx_word' id='word_1_48' title='bbox 1021 1392 1348 1464; x_wconf 87' lang='lat' dir='ltr'>Sancara</span> <span class='ocrx_word' id='word_1_49' title='bbox 1402 1389 1743 1491; x_wconf 78' lang='lat' dir='ltr'>priorem</span> <span class='ocrx_word' id='word_1_50' title='bbox 1796 1387 2042 1461; x_wconf 86' lang='lat' dir='ltr'>fuisse.</span> <span class='ocrx_word' id='word_1_51' title='bbox 2146 1372 2383 1457; x_wconf 84' lang='lat' dir='ltr'>Hunc</span> <span class='ocrx_word' id='word_1_52' title='bbox 2431 1404 2565 1455; x_wconf 53' lang='lat' dir='ltr'>au*</span> 
     </span>
     <span class='ocr_line' id='line_1_9' title="bbox 359 1502 2561 1612; baseline -0.004 -29"><span class='ocrx_word' id='word_1_53' title='bbox 359 1526 509 1583; x_wconf 89' lang='lat' dir='ltr'>tem</span> <span class='ocrx_word' id='word_1_54' title='bbox 546 1513 881 1612; x_wconf 67' lang='lat' dir='ltr'>Vyasam</span> <span class='ocrx_word' id='word_1_55' title='bbox 933 1510 1271 1584; x_wconf 83' lang='lat' dir='ltr'>eundem</span> <span class='ocrx_word' id='word_1_56' title='bbox 1323 1537 1472 1584; x_wconf 89' lang='lat' dir='ltr'>esse</span> <span class='ocrx_word' id='word_1_57' title='bbox 1521 1509 1803 1611; x_wconf 85' lang='lat' dir='ltr'>opinor</span> <span class='ocrx_word' id='word_1_58' title='bbox 1835 1526 2070 1607; x_wconf 88' lang='lat' dir='ltr'>atque</span> <span class='ocrx_word' id='word_1_59' title='bbox 2107 1504 2368 1591; x_wconf 88' lang='lat' dir='ltr'>illum,</span> <span class='ocrx_word' id='word_1_60' title='bbox 2421 1502 2561 1602; x_wconf 88' lang='lat' dir='ltr'>qui</span> 
     </span>
     <span class='ocr_line' id='line_1_10' title="bbox 354 1624 2649 1732; baseline -0.002 -31"><span class='ocrx_word' id='word_1_61' title='bbox 354 1628 768 1729; x_wconf 87' lang='lat' dir='ltr'>Patanjalis</span> <span class='ocrx_word' id='word_1_62' title='bbox 874 1630 1352 1732; x_wconf 81' lang='lat' dir='ltr'>aphorismos</span> <span class='ocrx_word' id='word_1_63' title='bbox 1446 1631 2000 1702; x_wconf 85' lang='lat' dir='ltr'>commentario</span> <span class='ocrx_word' id='word_1_64' title='bbox 2110 1624 2556 1711; x_wconf 86' lang='lat' dir='ltr'>illustravit,</span> <span class='ocrx_word' id='word_1_65' title='bbox 2647 1638 2649 1643; x_wconf 76' lang='grc'>’</span> 
     </span>
     <span class='ocr_line' id='line_1_11' title="bbox 353 1745 2560 1854; baseline -0.001 -32"><span class='ocrx_word' id='word_1_66' title='bbox 353 1750 565 1851; x_wconf 86' lang='lat' dir='ltr'>quod</span> <span class='ocrx_word' id='word_1_67' title='bbox 618 1777 705 1824; x_wconf 91' lang='lat' dir='ltr'>eo</span> <span class='ocrx_word' id='word_1_68' title='bbox 760 1752 1244 1854; x_wconf 87' lang='lat' dir='ltr'>probabilius</span> <span class='ocrx_word' id='word_1_69' title='bbox 1295 1771 1441 1839; x_wconf 90' lang='lat' dir='ltr'>est,</span> <span class='ocrx_word' id='word_1_70' title='bbox 1496 1777 1746 1852; x_wconf 84' lang='lat' dir='ltr'>quum</span> <span class='ocrx_word' id='word_1_71' title='bbox 1797 1751 2026 1822; x_wconf 86' lang='lat' dir='ltr'>etiam</span> <span class='ocrx_word' id='word_1_72' title='bbox 2082 1745 2560 1847; x_wconf 76' lang='lat' dir='ltr'>Gaudapa&#39;da</span> 
     </span>
     <span class='ocr_line' id='line_1_12' title="bbox 347 1868 2559 1946; baseline -0.004 -2"><span class='ocrx_word' id='word_1_73' title='bbox 347 1871 1004 1946; x_wconf 84' lang='lat' dir='ltr'>Isvara-Crisbnae</span> <span class='ocrx_word' id='word_1_74' title='bbox 1027 1873 1370 1945; x_wconf 85' lang='lat' dir='ltr'>Caricam</span> <span class='ocrx_word' id='word_1_75' title='bbox 1403 1896 1751 1944; x_wconf 85' lang='lat' dir='ltr'>commen</span> <span class='ocrx_word' id='word_1_76' title='bbox 1765 1887 1960 1943; x_wconf 85' lang='lat' dir='ltr'>tatus</span> <span class='ocrx_word' id='word_1_77' title='bbox 1989 1869 2105 1942; x_wconf 91' lang='lat' dir='ltr'>sit.</span> <span class='ocrx_word' id='word_1_78' title='bbox 2159 1868 2270 1939; x_wconf 85' lang='lat' dir='ltr'>Ex</span> <span class='ocrx_word' id='word_1_79' title='bbox 2302 1882 2559 1937; x_wconf 86' lang='lat' dir='ltr'>nostra</span> 
     </span>
     <span class='ocr_line' id='line_1_13' title="bbox 347 1985 2556 2094; baseline -0.001 -32"><span class='ocrx_word' id='word_1_80' title='bbox 347 1990 590 2091; x_wconf 84' lang='lat' dir='ltr'>igitur</span> <span class='ocrx_word' id='word_1_81' title='bbox 655 1995 1033 2067; x_wconf 87' lang='lat' dir='ltr'>sententia</span> <span class='ocrx_word' id='word_1_82' title='bbox 1088 1998 1493 2068; x_wconf 86' lang='lat' dir='ltr'>Sutrorum</span> <span class='ocrx_word' id='word_1_83' title='bbox 1548 1991 1876 2094; x_wconf 85' lang='lat' dir='ltr'>scriptor</span> <span class='ocrx_word' id='word_1_84' title='bbox 1926 1991 2194 2062; x_wconf 87' lang='lat' dir='ltr'>saltem</span> <span class='ocrx_word' id='word_1_85' title='bbox 2248 1985 2556 2060; x_wconf 87' lang='lat' dir='ltr'>duobus</span> 
     </span>
     <span class='ocr_line' id='line_1_14' title="bbox 342 2108 2553 2209; baseline -0.002 -25"><span class='ocrx_word' id='word_1_86' title='bbox 342 2114 464 2184; x_wconf 82' lang='lat' dir='ltr'>vel</span> <span class='ocrx_word' id='word_1_87' title='bbox 506 2112 753 2185; x_wconf 86' lang='lat' dir='ltr'>tribus</span> <span class='ocrx_word' id='word_1_88' title='bbox 801 2116 1118 2187; x_wconf 88' lang='lat' dir='ltr'>saeculis</span> <span class='ocrx_word' id='word_1_89' title='bbox 1150 2133 1329 2188; x_wconf 89' lang='lat' dir='ltr'>ante</span> <span class='ocrx_word' id='word_1_90' title='bbox 1349 2117 1756 2188; x_wconf 84' lang='lat' dir='ltr'>Sancaram</span> <span class='ocrx_word' id='word_1_91' title='bbox 1794 2112 2019 2193; x_wconf 80' lang='lat' dir='ltr'>vixit.</span> <span class='ocrx_word' id='word_1_92' title='bbox 2074 2109 2236 2181; x_wconf 85' lang='lat' dir='ltr'>h.e.</span> <span class='ocrx_word' id='word_1_93' title='bbox 2270 2108 2553 2209; x_wconf 81' lang='lat' dir='ltr'>quinto</span> 
     </span>
     <span class='ocr_line' id='line_1_15' title="bbox 343 2229 2553 2335; baseline 0 -32"><span class='ocrx_word' id='word_1_94' title='bbox 343 2232 464 2303; x_wconf 86' lang='lat' dir='ltr'>vel</span> <span class='ocrx_word' id='word_1_95' title='bbox 537 2248 819 2331; x_wconf 85' lang='lat' dir='ltr'>quarto</span> <span class='ocrx_word' id='word_1_96' title='bbox 886 2252 1057 2335; x_wconf 89' lang='lat' dir='ltr'>post</span> <span class='ocrx_word' id='word_1_97' title='bbox 1123 2234 1300 2306; x_wconf 88' lang='lat' dir='ltr'>Chr.</span> <span class='ocrx_word' id='word_1_98' title='bbox 1356 2261 1428 2304; x_wconf 86' lang='lat' dir='ltr'>n.</span> <span class='ocrx_word' id='word_1_99' title='bbox 1513 2233 1841 2331; x_wconf 85' lang='lat' dir='ltr'>ideoque</span> <span class='ocrx_word' id='word_1_100' title='bbox 1911 2248 2215 2304; x_wconf 83' lang='lat' dir='ltr'>noscere</span> <span class='ocrx_word' id='word_1_101' title='bbox 2292 2229 2553 2331; x_wconf 85' lang='lat' dir='ltr'>potuit</span> 
     </span>
     <span class='ocr_line' id='line_1_16' title="bbox 342 2351 2553 2455; baseline -0 -31"><span class='ocrx_word' id='word_1_102' title='bbox 342 2353 608 2425; x_wconf 87' lang='lat' dir='ltr'>omnia</span> <span class='ocrx_word' id='word_1_103' title='bbox 658 2373 1096 2455; x_wconf 81' lang='lat' dir='ltr'>systemata,</span> <span class='ocrx_word' id='word_1_104' title='bbox 1152 2354 1303 2428; x_wconf 89' lang='lat' dir='ltr'>iam</span> <span class='ocrx_word' id='word_1_105' title='bbox 1358 2353 1658 2427; x_wconf 78' lang='lat' dir='ltr'>(ludum</span> <span class='ocrx_word' id='word_1_106' title='bbox 1710 2371 1890 2426; x_wconf 86' lang='lat' dir='ltr'>ante</span> <span class='ocrx_word' id='word_1_107' title='bbox 1944 2351 2023 2424; x_wconf 92' lang='lat' dir='ltr'>id</span> <span class='ocrx_word' id='word_1_108' title='bbox 2080 2371 2379 2454; x_wconf 81' lang='lat' dir='ltr'>tempus</span> <span class='ocrx_word' id='word_1_109' title='bbox 2429 2377 2553 2423; x_wconf 85' lang='lat' dir='ltr'>ex·-</span> 
     </span>
     <span class='ocr_line' id='line_1_17' title="bbox 342 2474 2550 2579; baseline 0.001 -35"><span class='ocrx_word' id='word_1_110' title='bbox 342 2474 577 2546; x_wconf 85' lang='lat' dir='ltr'>culta.</span> <span class='ocrx_word' id='word_1_111' title='bbox 679 2474 820 2549; x_wconf 86' lang='lat' dir='ltr'>Sed</span> <span class='ocrx_word' id='word_1_112' title='bbox 877 2476 1228 2579; x_wconf 87' lang='lat' dir='ltr'>proferre</span> <span class='ocrx_word' id='word_1_113' title='bbox 1281 2494 1523 2577; x_wconf 87' lang='lat' dir='ltr'>posset</span> <span class='ocrx_word' id='word_1_114' title='bbox 1572 2475 1855 2573; x_wconf 87' lang='lat' dir='ltr'>aliquis</span> <span class='ocrx_word' id='word_1_115' title='bbox 1905 2492 2184 2546; x_wconf 86' lang='lat' dir='ltr'>contra·</span> <span class='ocrx_word' id='word_1_116' title='bbox 2222 2497 2341 2544; x_wconf 89' lang='lat' dir='ltr'>me</span> <span class='ocrx_word' id='word_1_117' title='bbox 2384 2500 2550 2573; x_wconf 84' lang='lat' dir='ltr'>gra-</span> 
     </span>
     <span class='ocr_line' id='line_1_18' title="bbox 340 2593 2548 2695; baseline -0 -30"><span class='ocrx_word' id='word_1_118' title='bbox 340 2593 731 2668; x_wconf 85' lang='lat' dir='ltr'>vissimum</span> <span class='ocrx_word' id='word_1_119' title='bbox 790 2598 1312 2670; x_wconf 88' lang='lat' dir='ltr'>testimonium</span> <span class='ocrx_word' id='word_1_120' title='bbox 1374 2594 1977 2695; x_wconf 70' lang='lat' dir='ltr'>Bliagavadgitae</span> <span class='ocrx_word' id='word_1_121' title='bbox 1999 2596 2222 2679; x_wconf 80' lang='lat' dir='ltr'>XIII,</span> <span class='ocrx_word' id='word_1_122' title='bbox 2274 2601 2344 2687; x_wconf 73' lang='grc'>4.</span> <span class='ocrx_word' id='word_1_123' title='bbox 2395 2615 2548 2683; x_wconf 58' lang='grc' dir='ltr'>πῆτ-</span> 
     </span>
     <span class='ocr_line' id='line_1_19' title="bbox 331 2703 2546 2812; baseline -0.003 -16"><span class='ocrx_word' id='word_1_124' title='bbox 331 2703 620 2806; x_wconf 54' lang='grc' dir='ltr'>ἵέῦέᾗῖῐ</span> <span class='ocrx_word' id='word_1_125' title='bbox 662 2706 1175 2812; x_wconf 54' lang='grc' dir='ltr'>ὲξπὶἒΐὲῐῆΐὲτὲτι</span> <span class='ocrx_word' id='word_1_126' title='bbox 1236 2746 1248 2784; x_wconf 78' lang='grc' dir='ltr'>ι</span> <span class='ocrx_word' id='word_1_127' title='bbox 1321 2720 1459 2789; x_wconf 89' lang='lat' dir='ltr'>ubi</span> <span class='ocrx_word' id='word_1_128' title='bbox 1513 2716 2137 2788; x_wconf 82' lang='lat' dir='ltr'>Brahma-Sutra</span> <span class='ocrx_word' id='word_1_129' title='bbox 2195 2717 2546 2790; x_wconf 89' lang='lat' dir='ltr'>nomina-</span> 
     </span>
     <span class='ocr_line' id='line_1_20' title="bbox 265 2836 2543 2942; baseline 0.002 -34"><span class='ocrx_word' id='word_1_130' title='bbox 265 2910 275 2919; x_wconf 71' lang='lat'><em>,</em></span> <span class='ocrx_word' id='word_1_131' title='bbox 337 2837 477 2909; x_wconf 87' lang='lat' dir='ltr'>tim</span> <span class='ocrx_word' id='word_1_132' title='bbox 531 2837 975 2912; x_wconf 82' lang='lat' dir='ltr'>laudantur.</span> <span class='ocrx_word' id='word_1_133' title='bbox 1081 2838 1295 2934; x_wconf 80' lang='lat' dir='ltr'>Quid</span> <span class='ocrx_word' id='word_1_134' title='bbox 1363 2864 1540 2911; x_wconf 85' lang='lat' dir='ltr'>vero</span> <span class='ocrx_word' id='word_1_135' title='bbox 1596 2837 1744 2910; x_wconf 84' lang='lat' dir='ltr'>hoo</span> <span class='ocrx_word' id='word_1_136' title='bbox 1811 2837 1984 2910; x_wconf 86' lang='lat' dir='ltr'>loco</span> <span class='ocrx_word' id='word_1_137' title='bbox 2035 2836 2351 2940; x_wconf 87' lang='lat' dir='ltr'>probari</span> <span class='ocrx_word' id='word_1_138' title='bbox 2409 2866 2543 2942; x_wconf 88' lang='lat' dir='ltr'>po-</span> 
     </span>
     <span class='ocr_line' id='line_1_21' title="bbox 334 2956 2542 3062; baseline 0.002 -32"><span class='ocrx_word' id='word_1_139' title='bbox 334 2959 520 3030; x_wconf 75' lang='lat' dir='ltr'>test?</span> <span class='ocrx_word' id='word_1_140' title='bbox 577 2958 1221 3059; x_wconf 81' lang='lat' dir='ltr'>Bhagavadgitam</span> <span class='ocrx_word' id='word_1_141' title='bbox 1275 2961 1353 3031; x_wconf 89' lang='lat' dir='ltr'>in</span> <span class='ocrx_word' id='word_1_142' title='bbox 1394 2959 1637 3032; x_wconf 86' lang='lat' dir='ltr'>Sutris</span> <span class='ocrx_word' id='word_1_143' title='bbox 1673 2958 1899 3031; x_wconf 87' lang='lat' dir='ltr'>citari</span> <span class='ocrx_word' id='word_1_144' title='bbox 1939 2956 2305 3051; x_wconf 85' lang='lat' dir='ltr'>vidimus3</span> <span class='ocrx_word' id='word_1_145' title='bbox 2343 2984 2542 3062; x_wconf 81' lang='lat' dir='ltr'>-ergo</span> 
     </span>
     <span class='ocr_line' id='line_1_22' title="bbox 330 3079 2542 3182; baseline 0.003 -32"><span class='ocrx_word' id='word_1_146' title='bbox 330 3081 749 3153; x_wconf 87' lang='lat' dir='ltr'>necessario</span> <span class='ocrx_word' id='word_1_147' title='bbox 775 3082 1001 3154; x_wconf 88' lang='lat' dir='ltr'>Sutra</span> <span class='ocrx_word' id='word_1_148' title='bbox 1059 3099 1223 3182; x_wconf 87' lang='lat' dir='ltr'>post</span> <span class='ocrx_word' id='word_1_149' title='bbox 1272 3106 1439 3151; x_wconf 87' lang='lat' dir='ltr'>eam</span> <span class='ocrx_word' id='word_1_150' title='bbox 1492 3079 2030 3180; x_wconf 76' lang='lat' dir='ltr'>scripta‘sunt,</span> <span class='ocrx_word' id='word_1_151' title='bbox 2084 3104 2326 3179; x_wconf 81' lang='lat' dir='ltr'>quare</span> <span class='ocrx_word' id='word_1_152' title='bbox 2376 3107 2542 3157; x_wconf 82' lang='lat' dir='ltr'>ver-</span> 
     </span>
     <span class='ocr_line' id='line_1_23' title="bbox 327 3198 2536 3306; baseline -0.001 -32"><span class='ocrx_word' id='word_1_153' title='bbox 327 3226 450 3274; x_wconf 82' lang='lat' dir='ltr'>sus</span> <span class='ocrx_word' id='word_1_154' title='bbox 519 3202 650 3275; x_wconf 90' lang='lat' dir='ltr'>ille</span> <span class='ocrx_word' id='word_1_155' title='bbox 720 3221 856 3277; x_wconf 88' lang='lat' dir='ltr'>aut</span> <span class='ocrx_word' id='word_1_156' title='bbox 925 3202 1439 3306; x_wconf 84' lang='lat' dir='ltr'>interpolatus</span> <span class='ocrx_word' id='word_1_157' title='bbox 1503 3220 1648 3283; x_wconf 90' lang='lat' dir='ltr'>est,</span> <span class='ocrx_word' id='word_1_158' title='bbox 1725 3198 1939 3301; x_wconf 79' lang='lat' dir='ltr'>quod</span> <span class='ocrx_word' id='word_1_159' title='bbox 2007 3199 2132 3272; x_wconf 83' lang='lat' dir='ltr'>vix</span> <span class='ocrx_word' id='word_1_160' title='bbox 2195 3217 2536 3275; x_wconf 85' lang='lat' dir='ltr'>statuere</span> 
     </span>
     <span class='ocr_line' id='line_1_24' title="bbox 327 3318 2541 3423; baseline 0 -28"><span class='ocrx_word' id='word_1_161' title='bbox 327 3321 613 3412; x_wconf 87' lang='lat' dir='ltr'>ausim,</span> <span class='ocrx_word' id='word_1_162' title='bbox 679 3343 818 3398; x_wconf 87' lang='lat' dir='ltr'>aut</span> <span class='ocrx_word' id='word_1_163' title='bbox 865 3322 1150 3397; x_wconf 86' lang='lat' dir='ltr'>alludit</span> <span class='ocrx_word' id='word_1_164' title='bbox 1201 3323 1298 3395; x_wconf 88' lang='lat' dir='ltr'>ad</span> <span class='ocrx_word' id='word_1_165' title='bbox 1352 3324 1541 3396; x_wconf 86' lang='lat' dir='ltr'>alios</span> <span class='ocrx_word' id='word_1_166' title='bbox 1591 3320 2067 3423; x_wconf 84' lang='lat' dir='ltr'>aphorismos</span> <span class='ocrx_word' id='word_1_167' title='bbox 2120 3318 2240 3394; x_wconf 90' lang='lat' dir='ltr'>his</span> <span class='ocrx_word' id='word_1_168' title='bbox 2289 3319 2541 3396; x_wconf 85' lang='lat' dir='ltr'>Sutris</span> 
     </span>
     <span class='ocr_line' id='line_1_25' title="bbox 327 3440 2535 3545; baseline 0.001 -30"><span class='ocrx_word' id='word_1_169' title='bbox 327 3443 838 3543; x_wconf 86' lang='lat' dir='ltr'>antiquiores,</span> <span class='ocrx_word' id='word_1_170' title='bbox 915 3442 999 3517; x_wconf 90' lang='lat' dir='ltr'>in</span> <span class='ocrx_word' id='word_1_171' title='bbox 1051 3469 1288 3545; x_wconf 88' lang='lat' dir='ltr'>quam</span> <span class='ocrx_word' id='word_1_172' title='bbox 1356 3441 1819 3517; x_wconf 87' lang='lat' dir='ltr'>sententiam</span> <span class='ocrx_word' id='word_1_173' title='bbox 1874 3440 2075 3515; x_wconf 82' lang='lat' dir='ltr'>illud</span> <span class='ocrx_word' id='word_1_174' title='bbox 2131 3442 2379 3517; x_wconf 82' lang='lat' dir='ltr'>facere</span> <span class='ocrx_word' id='word_1_175' title='bbox 2425 3443 2535 3517; x_wconf 80' lang='lat' dir='ltr'>vi-</span> 
     </span>
     <span class='ocr_line' id='line_1_26' title="bbox 326 3559 2538 3666; baseline 0.004 -34"><span class='ocrx_word' id='word_1_176' title='bbox 326 3559 595 3651; x_wconf 88' lang='lat' dir='ltr'>detur,</span> <span class='ocrx_word' id='word_1_177' title='bbox 673 3563 886 3666; x_wconf 86' lang='lat' dir='ltr'>quod</span> <span class='ocrx_word' id='word_1_178' title='bbox 957 3563 1039 3638; x_wconf 88' lang='lat' dir='ltr'>in</span> <span class='ocrx_word' id='word_1_179' title='bbox 1111 3562 1672 3664; x_wconf 81' lang='lat' dir='ltr'>Bhagavadgita</span> <span class='ocrx_word' id='word_1_180' title='bbox 1744 3562 1838 3635; x_wconf 86' lang='lat' dir='ltr'>de</span> <span class='ocrx_word' id='word_1_181' title='bbox 1887 3562 2538 3642; x_wconf 84' lang='lat' dir='ltr'>Brahma-Sutris</span> 
     </span>
     <span class='ocr_line' id='line_1_27' title="bbox 320 3684 2528 3788; baseline 0.002 -31"><span class='ocrx_word' id='word_1_182' title='bbox 320 3707 576 3757; x_wconf 86' lang='lat' dir='ltr'>sermo</span> <span class='ocrx_word' id='word_1_183' title='bbox 623 3704 763 3773; x_wconf 90' lang='lat' dir='ltr'>est,</span> <span class='ocrx_word' id='word_1_184' title='bbox 820 3684 949 3759; x_wconf 87' lang='lat' dir='ltr'>hic</span> <span class='ocrx_word' id='word_1_185' title='bbox 996 3704 1256 3758; x_wconf 86' lang='lat' dir='ltr'>autem</span> <span class='ocrx_word' id='word_1_186' title='bbox 1310 3685 1512 3759; x_wconf 86' lang='lat' dir='ltr'>liber</span> <span class='ocrx_word' id='word_1_187' title='bbox 1562 3684 1880 3788; x_wconf 85' lang='lat' dir='ltr'>proprie</span> <span class='ocrx_word' id='word_1_188' title='bbox 1920 3686 2528 3762; x_wconf 84' lang='lat' dir='ltr'>Sariraca-Sutra</span> 
     </span>
     <span class='ocr_line' id='line_1_28' title="bbox 319 3804 2522 3904; baseline 0.001 -24"><span class='ocrx_word' id='word_1_189' title='bbox 319 3830 459 3880; x_wconf 83' lang='lat' dir='ltr'>seu</span> <span class='ocrx_word' id='word_1_190' title='bbox 509 3804 1293 3880; x_wconf 85' lang='lat' dir='ltr'>Sariraca-Mimansa</span> <span class='ocrx_word' id='word_1_191' title='bbox 1348 3826 1857 3904; x_wconf 72' lang='lat' dir='ltr'>nuncupatur</span> <span class='ocrx_word' id='word_1_192' title='bbox 1907 3806 2522 3900; x_wconf 80' lang='lat' dir='ltr'>(Colebrookius‚</span> 
     </span>
     <span class='ocr_line' id='line_1_29' title="bbox 321 3926 2522 4030; baseline 0.002 -29"><span class='ocrx_word' id='word_1_193' title='bbox 321 3926 580 4001; x_wconf 83' lang='lat' dir='ltr'>nescio</span> <span class='ocrx_word' id='word_1_194' title='bbox 624 3954 863 4028; x_wconf 81' lang='lat' dir='ltr'>quam</span> <span class='ocrx_word' id='word_1_195' title='bbox 915 3930 1015 4002; x_wconf 90' lang='lat' dir='ltr'>ob</span> <span class='ocrx_word' id='word_1_196' title='bbox 1066 3955 1406 4012; x_wconf 85' lang='lat' dir='ltr'>causam,</span> <span class='ocrx_word' id='word_1_197' title='bbox 1457 3928 1754 4030; x_wconf 83' lang='lat' dir='ltr'>ubique</span> <span class='ocrx_word' id='word_1_198' title='bbox 1805 3954 2091 4003; x_wconf 82' lang='lat' dir='ltr'>nomen</span> <span class='ocrx_word' id='word_1_199' title='bbox 2144 3929 2522 4005; x_wconf 83' lang='lat' dir='ltr'>Brabma·</span> 
     </span>
     <span class='ocr_line' id='line_1_30' title="bbox 320 4049 2518 4154; baseline -0.001 -28"><span class='ocrx_word' id='word_1_200' title='bbox 320 4051 545 4126; x_wconf 84' lang='lat' dir='ltr'>Sutra</span> <span class='ocrx_word' id='word_1_201' title='bbox 598 4049 1008 4154; x_wconf 71' lang='lat' dir='ltr'>praetulit,</span> <span class='ocrx_word' id='word_1_202' title='bbox 1061 4049 1274 4152; x_wconf 88' lang='lat' dir='ltr'>quod</span> <span class='ocrx_word' id='word_1_203' title='bbox 1317 4051 1400 4126; x_wconf 88' lang='lat' dir='ltr'>in</span> <span class='ocrx_word' id='word_1_204' title='bbox 1435 4050 1640 4125; x_wconf 88' lang='lat' dir='ltr'>libro</span> <span class='ocrx_word' id='word_1_205' title='bbox 1676 4051 1876 4154; x_wconf 89' lang='lat' dir='ltr'>ipso,</span> <span class='ocrx_word' id='word_1_206' title='bbox 1924 4068 2312 4154; x_wconf 80' lang='lat' dir='ltr'>quantum</span> <span class='ocrx_word' id='word_1_207' title='bbox 2344 4049 2518 4139; x_wconf 78' lang='lat' dir='ltr'>scio,</span> 
     </span>
    </p>
   </div>
  </div>
 </body>
</html>
