2964 4737
1178 320 1726 397 -153—

352 516 647 622 cipitur
719 535 976 594 tamen
1057 517 1466 595 distinctio
1525 543 1794 593 earum
1846 515 1890 592 a
1940 542 2015 593 se
2087 516 2415 592 invicem
2482 536 2561 595 et

352 642 732 735 activitas‚
807 668 1009 746 quae
1062 643 1145 717 in
1219 644 1614 748 reciproca
1693 634 1964 716 earum
2012 640 2563 715 coniunctione

292 807 298 813 ·
352 779 496 837 etc.
547 780 873 851 constat,
928 787 1184 865 neque
1236 789 1456 852 vero,
1534 762 1832 838 etiamsi
1885 788 1930 836 a
1982 761 2180 835 mari
2235 790 2391 838 non
2447 761 2563 834 di-

354 906 611 957 versae
650 883 840 969 sint,
893 884 1359 962 mutationes
1393 886 1573 960 illae
1608 911 1768 959 una
1817 883 2135 959 alterius
2186 884 2566 959 conditio-

355 1031 537 1082 nem
573 1005 1118 1112 adipiscuntur
1141 1061 1164 1097 ,
1215 1033 1470 1109 neque
1508 1006 1900 1082 diversitas
1937 1033 1980 1080 a
2016 1006 2249 1080 maris
2283 1025 2564 1081 natura

355 1128 744 1230 sequitur,
818 1132 880 1205 si
934 1157 1106 1206 suas
1176 1129 1512 1205 invicem
1573 1127 2057 1205 conditiones
2106 1155 2262 1203 non
2316 1127 2566 1234 adipi-

356 1267 719 1338 scuntur;
771 1249 1035 1326 eadem
1077 1246 1377 1329 ratione
1426 1252 1661 1328 etiam
1711 1251 1842 1327 hic
1891 1253 1982 1341 is,
2037 1251 2178 1354 qui
2229 1252 2562 1333 fruitur,

359 1391 439 1450 et
489 1372 611 1461 id,
681 1400 842 1475 quo
911 1375 1250 1461 fruitur,
1324 1400 1545 1449 suam
1624 1374 1954 1449 invicem
2038 1371 2567 1448 conditionem

359 1522 523 1570 non
573 1494 1150 1600 adipiscuntur,
1201 1521 1458 1597 neque
1507 1520 1686 1571 vero
1725 1520 1771 1569 a
1805 1520 2106 1570 summo
2134 1493 2566 1568 Brahmane

361 1614 641 1693 diversi
692 1623 949 1695 sunt.“
1048 1617 1631 1695 validissimum
1684 1635 1947 1693 autem
1996 1634 2264 1695 contra
2306 1639 2566 1690 omnes

361 1736 500 1813 has
546 1739 1014 1817 obiectiones
1060 1738 1537 1845 praesidium
1568 1738 1982 1815 Vedantici
2032 1764 2125 1812 ex
2164 1736 2566 1814 Idealismo

360 1885 500 1935 suo
551 1862 967 1966 petierunt.
1067 1868 1355 1942 Totum
1404 1865 1617 1938 enim
1668 1862 1885 1938 hunc
1928 1860 2319 1939 mundum
2367 1863 2565 1937 eius-

361 2010 520 2085 que
567 1985 1036 2060 activitatem
1087 2010 1252 2060 non
1303 1985 1590 2061 realem
1654 2009 1805 2060 esse
1868 1983 2292 2089 putabant,
2362 1984 2566 2058 reale

361 2102 616 2178 solum
665 2128 1120 2205 supremum
1170 2130 1501 2193 numen,
1556 2123 1847 2181 caetera
1903 2107 2167 2181 omnia
2207 2105 2568 2181 umbram

365 2251 414 2299 a
474 2222 875 2300 delusione
938 2224 1383 2315 formatam,
1448 2251 1650 2327 quae
1700 2248 2127 2316 evanescat,
2199 2230 2262 2303 si
2313 2253 2572 2302 veram

366 2347 889 2449 cognitionem
956 2348 1468 2450 acquiramus.
1570 2346 1829 2423 Huius
1877 2344 2276 2425 doctrinae
2327 2350 2572 2423 multa

366 2470 802 2547 testimonia
851 2469 1237 2575 proferre,
1289 2472 1417 2548 vix
1466 2496 1661 2577 opus
1711 2488 1859 2559 est,
1911 2496 2161 2574 quum
2201 2469 2314 2544 vel
2372 2455 2571 2543 indi-

365 2592 640 2696 ligenti
706 2592 975 2670 lectori
1026 2612 1303 2698 sponte
1354 2611 1773 2670 occurrant
1789 2625 1810 2688 3
1860 2611 2202 2669 attamen
2254 2589 2411 2666 duo
2451 2593 2569 2666 vel

367 2719 518 2794 tria
570 2716 701 2791 hic
739 2741 1291 2802 recenseamus.
1390 2719 1721 2795 Sancara
1772 2717 1849 2790 B.
1897 2718 1965 2793 S.
1995 2721 2107 2807 11,
2160 2743 2237 2800 ι,
2305 2723 2408 2809 ι4.
2463 2714 2570 2789 sic

366 2838 745 2945 disputat,
821 2860 916 2917 ut
979 2841 1234 2945 primo
1300 2866 1344 2915 e
1412 2829 1581 2916 loco
1650 2838 2259 2941 Chhandogyae‚
2336 2862 2571 2937 quem

365 2990 600 3066 supra
652 2962 1047 3063 descripsi,
1117 2987 1376 3038 veram
1426 2961 1706 3036 mundi
1756 2962 2268 3036 substantiam
2317 2960 2574 3033 Deum

369 3104 451 3161 et
515 3083 1027 3158 mutationem
1102 3108 1267 3157 non
1334 3083 1620 3157 realem
1652 3132 1675 3168 ,
1748 3080 1880 3155 sed
1955 3100 2260 3156 tantum
2330 3084 2575 3157 verbis

370 3207 922 3310 effectam-esse
972 3201 1445 3279 demonstret
1492 3202 1734 3297 (totus
1785 3204 2028 3305 igitur
2076 3202 2416 3277 mundus
2463 3223 2575 3278 est

371 3326 605 3401 ssatus
639 3327 882 3411 vocis3
935 3352 981 3399 a
1019 3326 1250 3401 verbo
1288 3326 1613 3401 initium
1649 3328 1875 3431 cepit,
1932 3326 2256 3401 verbum
2295 3325 2497 3400 illud
2536 3354 2579 3401 e

375 3445 751 3521 desiderio
797 3465 1078 3535 ortum,
1128 3445 1596 3524 desiderium
1656 3448 2095 3549 ignorantia
2143 3467 2286 3537 est,
2339 3476 2579 3550 quam

372 3596 418 3643 e
447 3571 614 3644 Deo
654 3596 792 3644 suo
840 3595 1248 3671 nunquam
1283 3595 1668 3644 removere
1719 3587 2091 3672 poterunt
2113 3569 2576 3664 Vedantici).

269 3673 283 3685 “
378 3692 709 3788 Quaerit
752 3691 1066 3784 deinde,
1125 3719 1314 3768 num
1353 3691 1663 3787 fortasse
1696 3691 2069 3793 distingui
2108 3692 2338 3796 possit
2373 3693 2581 3767 inter

378 3812 711 3888 Brahma
753 3838 1000 3887 unum
1036 3831 1116 3887 et
1148 3813 1355 3888 inter
1377 3811 1708 3886 Brahma
1746 3812 2328 3918 multiplicitate
2366 3839 2579 3917 prae-

378 3932 670 4024 ditum,
715 3934 915 4008 sicut
968 3933 1174 4007 inter
1221 3933 1575 4007 arborem
1625 3931 1943 4034 eiusque
1994 3959 2277 4020 ram05,
2336 3934 2440 4007 ita
2488 3953 2578 4008 ut

379 4077 807 4161 utrumque
876 4057 1077 4131 reale
1144 4081 1294 4134 esse
1346 4075 1687 4160 ponatur
1736 4075 1968 4159 atque
2030 4085 2121 4132 ex
2173 4057 2407 4130 unius
2459 4082 2580 4130 co-
