2964 4737
1191 303 1697 377 ...79-

355 494 449 555 ut
492 475 833 566 videtur,
907 493 1284 580 tempore,
1361 491 1572 552 arcte
1621 500 1802 552 cum
1852 475 2095 580 logica
2144 474 2552 556 cohaerere

353 600 650 676 solebat
698 617 776 673 et
822 599 1001 703 plus
1049 624 1288 701 quam
1339 621 1503 673 uno
1560 600 1878 673 nomine
1923 600 2261 676 incurrit
2301 601 2381 676 in
2429 629 2552 678 or·

357 720 871 798 thodoxorum
941 718 1638 824 reprehensionem.
1739 718 1951 794 Illud
2014 746 2192 796 vero
2257 724 2551 824 logicae

355 867 535 916 cum
577 839 931 916 Vedanta
998 838 1471 913 consortium
1538 836 1841 913 duobus
1887 839 2138 915 verbis
2186 847 2549 948 expressit

353 967 636 1040 Manus
667 965 1061 1056 V11,·43.‚
1111 948 1255 1063 ubi
1307 961 1711 1034 πιῦτῐέωτὴ.
1761 987 1822 1034 e.
1876 963 2118 1037 animi
2170 969 2541 1069 cognitio,

354 1087 667 1188 qualem
719 1082 1118 1162 Vedantae
1181 1084 1536 1189 praebet,
1607 1077 1938 1155 ππῆῆῐᾶῆ
1986 1085 2229 1189 logica
2281 1092 2544 1194 appel·

352 1210 589 1285 latur.

555 1325 794 1403 Haud
848 1324 1107 1401 minus
1158 1326 1571 1403 necessarie
1622 1326 1873 1433 prima
1924 1323 2339 1421 Mimansa‚
2407 1353 2544 1406 seu

356 1450 736 1553 theologia
814 1452 1189 1553 exegetica
1264 1476 1444 1525 cum
1518 1451 1883 1543 secunda,
1957 1479 2092 1528 seu
2162 1455 2543 1555 theologia

351 1574 821 1677 speculativa
871 1591 948 1647 et
997 1574 1312 1674 mystica
1367 1575 1782 1650 coniuncta
1835 1594 2023 1651 erat.
2103 1576 2546 1652 -Mimansae

354 1688 638 1798 prioris
697 1696 1007 1799 vestigia
1069 1696 1370 1800 saepius
1432 1695 1650 1801 apud
1694 1699 2022 1775 Manum
2073 1716 2544 1791 occurrunt3

352 1816 461 1891 sic
510 1819 660 1902 IX,
713 1824 829 1894 52.
897 1821 1372 1923 proponitur
1446 1821 1794 1925 quaestio
1870 1823 2103 1924 plane
2163 1847 2208 1895 e
2270 1847 2547 1924 genere

344 1966 659 2031 earum,
710 1969 915 2045 quae
965 1945 1129 2018 illic
1182 1962 1637 2020 tractantur.
1740 1947 2027 2020 Utrum
2059 1947 2339 2020 Manus
2362 1945 2549 2019 San·

357 2062 644 2164 khyam
716 2067 1129 2168 respexerit
1179 2093 1321 2141 nec
1371 2091 1505 2157 ne,
1576 2092 1695 2143 res
1742 2084 1852 2142 est
1920 2064 2241 2141 dubiosa
2293 2089 2549 2166 neque

352 2184 504 2258 hoc
579 2187 744 2261 loco
810 2214 954 2262 nec
1023 2216 1068 2263 a
1141 2214 1266 2261 me
1328 2188 1739 2278 solvenda,
1836 2217 2089 2290 quum
2154 2190 2551 2264 Lassenius

352 2305 909 2416 (Gymnosoph.
962 2314 1035 2400 Ι,
1088 2339 1163 2415 p.
1193 2306 1403 2404 XII.)
1452 2334 1530 2416 se
1579 2308 1674 2384 de
1722 2334 1810 2384 ea
1860 2335 2078 2411 agere
2125 2313 2318 2385 velle
2370 2329 2547 2415 pro-

352 2433 685 2507 miserit:
732 2452 809 2508 et
858 2434 1034 2536 quis
1081 2419 1358 2507 melius
1408 2432 1774 2535 promisso
1825 2449 2025 2506 stare
2055 2436 2347 2534 potest?
2397 2436 2547 2507 He-

356 2553 897 2630 terodoxorum
949 2573 1193 2630 sectae
1239 2554 1539 2657 saepius
1592 2554 1677 2627 in
1727 2554 2173 2628 universum
2217 2569 2549 2656 tangun-

353 2696 516 2766 tur,
566 2679 696 2753 sed
745 2706 1132 2782 quaenam
1182 2675 1734 2778 intelligendae
1781 2677 1969 2765 sint,
2037 2675 2162 2749 vix
2213 2673 2543 2753 definire

350 2800 632 2895 ausim3
708 2803 802 2877 cf.
854 2806 1062 2877 Manss
1091 2804 1204 2890 ΙΙ,
1268 2828 1418 2893 ιι.;
1470 2803 1618 2885 IV,
1682 2803 1878 2893 163.;
1931 2801 2113 2889 XII,
2166 2801 2290 2897 96.
2389 2800 2542 2873 No·-

350 2922 704 2998 minatur
752 2943 1145 3027 praeterea
1202 2922 1552 2998 Vedanta
1603 2923 1686 2998 in
1740 2919 2298 3024 Bhagavadgita
2352 2922 2538 3011 XV,

359 3044 508 3135 15„
562 3046 701 3119 ubi
755 3047 1008 3150 ipsum
1057 3029 1463 3120 summum
1500 3071 1794 3120 numen
1842 3069 1920 3119 se
1956 3043 2356 3120 Vedantae
2404 3070 2543 3119 au-

350 3188 638 3243 ctorem
692 3192 840 3243 esse
893 3165 1327 3270 praedicat3
1380 3165 1723 3242 occurrit
1770 3164 2005 3239 etiam
2056 3162 2542 3238 nomen=dis-

347 3290 684 3393 ciplinae
735 3289 819 3366 in
872 3290 1028 3364 fine
1077 3286 1513 3366 Mundacae
1559 3315 1633 3391 p.
1668 3294 1752 3377 8,
1807 3289 1857 3360 l.
1891 3313 1988 3376 2„
2018 3278 2538 3383 ἓιζιπῐὲιπιτιξὲτ-

346 3407 584 3484 ίῇπτᾶτε
647 3411 738 3503 („
760 3414 896 3515 qui
949 3412 1147 3487 bene
1194 3411 1549 3488 definitas
1599 3410 1893 3487 hahent
1943 3408 2346 3514 opiniones
2395 3432 2539 3511 per

345 3531 750 3607 Vedantae
778 3529 1413 3634 cognitionem“).
1487 3530 1725 3609 Vides
1761 3556 1851 3604 ex
1884 3529 2041 3620 his,
2095 3557 2249 3605 non
2285 3532 2538 3606 solum

349 3653 786 3730 doctrinam
837 3655 1347 3731 Vedanticam
1409 3654 1817 3755 antiquam
1866 3676 2055 3742 esse,
2126 3650 2256 3727 sed
2305 3679 2537 3729 omne

349 3773 951 3880 philosophandi
993 3774 1366 3850 'studium
1435 3772 1649 3877 apud
1701 3771 1932 3847 Indos
2000 3773 2154 3847 iam
2231 3791 2537 3849 mature

348 3893 734 3987 floruisse3
786 3891 973 3969 hinc
1012 3921 1284 3996 magna
1330 3895 1463 3969 illa
1500 3892 1812 3969 Indicae
1860 3894 2282 3997 sapientiae
2322 3894 2537 4000 apud

356 4036 636 4093 veteres
686 4017 924 4108 fama,
982 4018 1164 4092 hinc
1214 4018 1466 4092 variae
1515 4015 1613 4090 de
1647 4016 2312 4121 Gymnosophistis
2362 4043 2534 4090 nar-
