2964 4737
1702 344 1791 352 N·-

1218 389 1319 408 —
1427 316 1607 444 ¹4(
1667 387 1760 401 —

391 535 599 615 avit:
662 540 1143 638 aethereum,
1197 541 1584 634 lucidum,
1635 536 2069 629 mortalem,
2141 534 2589 649 aquosum.“

390 663 610 739 Alius
659 665 870 739 locus
923 662 1110 738 ibid.
1182 687 1232 734 a
1293 659 1418 764 {w
1463 660 1578 739 ἐτὲ
1636 689 1943 761 muman
1995 696 2007 735 ι
2097 674 2235 755 „Is
2287 668 2589 745 deside-

390 785 600 861 rium
671 787 898 872 fecit,
994 788 1057 865 is
1122 787 1488 893 spiritum
1554 791 1839 868 creavit
1906 788 2389 885 (notandum
2437 808 2590 878 est,

391 1139 531 1179 men
580 1119 783 1200 quoad
826 1130 1184 1183 creatorem.
1271 1121 1450 1182 Cur?
1516 1125 1677 1202 Quia
1721 1143 1963 1205 semper
2005 1122 2144 1186 talis
2187 1145 2312 1185 esse
2347 1122 2591 1200 dicitur,

390 1225 587 1307 qualis
640 1229 825 1287 semel
882 1228 1393 1311 descriptus‚est.
1498 1230 1713 1309 Qualis
1775 1232 1940 1290 enim
1998 1231 2062 1289 in
2121 1250 2251 1301 uno
2314 1229 2449 1289 loco
2517 1239 2591 1288 ut

391 1353 607 1394 caussa
648 1333 863 1394 mundi
907 1334 1247 1417 descriptus
1290 1346 1425 1396 est:
1464 1332 1678 1396 ‘omnia
1712 1337 1932 1415 scienS,
1976 1339 2252 1396 omnium
2283 1317 2590 1410 dominus,

389 1440 669 1499 omnium
732 1443 1007 1521 animuS,
1082 1443 1211 1502 sine
1269 1441 1568 1519 secundo,
1637 1443 1774 1502 talis
1836 1445 2023 1503 etiam
2067 1443 2129 1501 in
2183 1439 2402 1501 ceteris
2445 1438 2594 1500 locis

391 1545 827 1610 describitur.“
914 1548 1010 1607 De
1053 1550 1250 1629 prima
1309 1548 1497 1630 igitur
1548 1569 1756 1609 caussa
1797 1570 2009 1609 omnes
2051 1569 2100 1614 s,
2140 1547 2185 1607 l.
2233 1546 2398 1605 locos
2443 1566 2594 1604 con-

391 1653 617 1713 sentire
674 1654 799 1731 ait,
864 1674 993 1715 esse
1052 1662 1295 1715 tantum
1355 1654 1415 1714 in
1458 1653 1809 1716 evolutione
1854 1654 2065 1713 mundi
2128 1652 2588 1726 diversitatem,

390 1778 550 1839 quae
592 1768 701 1818 aut
739 1779 884 1820 vera
934 1761 1444 1841 interpretatione
1480 1761 1788 1821 removeri
1829 1761 2057 1841 possit,
2130 1770 2236 1819 aut
2282 1758 2455 1819 nihili
2501 1758 2594 1819 fa-

386 1863 600 1926 cienda
639 1864 758 1942 sit,
807 1864 948 1948 quia
991 1864 1144 1926 ordo
1183 1865 1551 1927 evolutionis
1596 1864 1685 1926 nil
1746 1864 1931 1925 refert
1975 1864 2052 1925 ad
2099 1865 2281 1924 finem
2325 1864 2593 1924 hominis

389 1969 858 2054 assequendum.
942 1971 1370 2033 Differentiam
1433 1969 1603 2033 illam
1652 1971 1731 2031 de
1782 1983 1922 2032 ente
1965 1980 2030 2030 et
2088 1993 2213 2031 non
2255 1981 2394 2031 ente
2436 1992 2590 2052 quo-

389 2076 577 2137 modo
635 2076 879 2155 solvant
934 2078 1168 2152 nostri,
1232 2097 1416 2157 supra
1460 2076 1754 2138 vidimus.
1842 2075 1945 2135 Ad
1995 2076 2370 2158 singulorum
2421 2076 2592 2138 loco-

388 2202 529 2241 rum
573 2178 1114 2239 contradictionem
1171 2179 1528 2239 solvendam
1589 2181 1932 2241 revertitur
1983 2181 2247 2242 Sancara
2293 2184 2358 2244 B.
2389 2184 2449 2244 S.
2492 2187 2584 2262 11,

389 2286 468 2362 5,
532 2306 586 2346 1.
646 2306 783 2368 sqq.
870 2285 941 2344 In
1005 2283 1140 2344 loco
1190 2282 1646 2367 Chhandogyae
1699 2307 1913 2366 nempe
1948 2330 1969 2360 ‚
2037 2309 2217 2374 quem
2272 2292 2589 2371 praemisi,

384 2395 619 2456 creatio
665 2394 880 2475 incipit
921 2414 955 2453 a
988 2391 1262 2466 lumine,
1311 2390 1515 2452 medio
1553 2392 1825 2473 quinque
1860 2392 2340 2471 elementorum3
2381 2398 2590 2457 aether

387 2509 448 2559 et
500 2511 721 2561 ventus
750 2520 875 2560 non
911 2502 1356 2578 nominantur3
1422 2500 1487 2558 in
1533 2498 1935 2580 Taittiriyaco
1986 2519 2134 2560 vero
2181 2502 2267 2561 sic
2327 2501 2584 2583 legitur:

388 2626 459 2666 ex
506 2609 713 2667 animo
754 2606 859 2667 illo
891 2606 1105 2667 aether
1137 2616 1308 2665 ortus
1332 2650 1350 2685 ‚
1395 2625 1468 2665 ex
1505 2604 1752 2666 aethere
1785 2614 2025 2669 ventus.
2112 2606 2467 2689 Utrumque
2501 2611 2588 2671 sic

384 2714 864 2790 conciliandam,
926 2722 997 2774 ut
1038 2712 1524 2795 Chhandogyam
1579 2733 1613 2772 e
1655 2712 2056 2797 Taittiriyaco
2104 2713 2372 2797 suppleri
2413 2737 2586 2798 posse

384 2820 650 2883 dicatur.
738 2823 934 2884 Miror
991 2823 1311 2903 magistros
1352 2817 1597 2880 Indicos
1655 2818 2072 2881 diversitatem
2120 2820 2285 2881 illam
2330 2844 2452 2883 non
2502 2826 2589 2885 sic

386 2949 734 3004 excusasse,
800 2938 870 2986 ut
910 2924 1220 2985 aetherem
1280 2925 1346 2983 h.
1389 2946 1443 2990 e.
1497 2926 1759 3005 spatium
1820 2928 2157 2987 necessario
2197 2949 2231 2986 a
2270 2928 2407 2988 Deo
2447 2940 2588 2991 ante

387 3033 627 3116 reliqua
671 3043 946 3092 creatum
982 3050 1109 3090 esse
1156 3028 1642 3108 contenderent3
1702 3029 1913 3088 aether
1958 3045 2270 3111 praeterea
2324 3031 2585 3117 qualita-

385 3151 511 3201 tem
563 3138 699 3200 soni
748 3135 936 3197 habet
959 3180 977 3211 ‚
1020 3133 1280 3196 verbum
1320 3143 1527 3195 autem
1565 3135 1934 3195 creationem
1986 3141 2335 3216 praecessit.
2409 3140 2585 3202 Ven-

385 3258 520 3308 tum
562 3246 742 3308 etiam
782 3253 928 3305 ante
968 3243 1179 3304 lumen
1219 3245 1413 3303 creari
1460 3241 1741 3303 debuisse
1753 3290 1772 3319 ‚
1829 3243 1913 3303 sic
1954 3242 2290 3323 potuissent
2327 3246 2585 3308 demon-

387 3367 626 3417 strare:
673 3351 1042 3413 desiderium
1081 3348 1237 3410 illud
1274 3349 1392 3410 Dei
1441 3358 1531 3409 est
1570 3358 1771 3409 motus
1809 3348 1885 3409 ad
1925 3359 2130 3429 extra3
2195 3353 2429 3430 primus
2467 3375 2583 3414 au-

384 3473 512 3524 tem
553 3470 757 3520 motus
797 3459 862 3518 in
910 3455 1158 3518 aethere
1210 3465 1304 3516 est
1343 3463 1579 3530 ventus,
1628 3475 1776 3536 ergo
1812 3466 2030 3515 ventus
2066 3467 2158 3517 est
2198 3459 2395 3539 ipsum
2429 3458 2582 3522 illud

383 3567 501 3628 Dei
551 3566 938 3628 desiderium.
1026 3561 1205 3621 Facit
1261 3560 1340 3620 ad
1398 3560 1561 3620 hanc
1619 3560 2078 3641 explicationem
2117 3566 2356 3645 primo,
2416 3568 2583 3649 quod

382 3661 516 3739 Rufi:
575 3688 833 3758 (tactus)
873 3679 1134 3761 qualitas
1168 3677 1332 3738 venti
1374 3678 1555 3737 etiam
1601 3677 1937 3758 passionem
1978 3677 2293 3759 significat,
2335 3679 2581 3762 deinde,

384 3787 549 3872 quod
596 3787 761 3869 apud
796 3786 1161 3847 Buddhistas
1195 3804 1438 3867 quoque
1466 3784 1692 3844 creatio
1732 3804 1768 3842 a
1800 3793 1982 3844 vento
2011 3784 2265 3865 incipit3
2311 3787 2392 3848 cf.
2420 3787 2582 3850 Baur

384 3895 813 3976 Religionsyst.
853 3893 962 3953 der
981 3890 1252 3956 Manich.
1283 3912 1345 3971 p.
1378 3889 1521 3969 438.
1607 3890 1703 3950 De
1739 3889 1985 3972 reliquis
2028 3892 2227 3952 tribus
2263 3891 2580 3953 elementis

385 4023 596 4062 omnes
640 3998 1110 4080 Upanishadum
1158 3997 1273 4058 loci
1321 3998 1753 4074 consentiuut3
1822 4009 1987 4058 terra
2027 4002 2187 4060 enim
2230 4002 2414 4061 etiam
2465 3998 2577 4059 ali-

387 4121 662 4171 mentum
707 4110 1103 4185 nominatur3
1147 4105 1219 4172 cf.
1268 4106 1443 4167 Sanc.
1494 4106 1563 4171 B.
1596 4103 1654 4166 S.
1694 4108 1787 4184 11,
1835 4106 1907 4182 5,
1961 4126 2052 4173 12.
