2964 4737
421 2075 508 2135 et
553 2082 822 2130 verum
875 2061 1168 2134 novit.“
1257 2065 1474 2139 Sane.
1544 2066 1779 2140 schol.
1831 2067 1932 2140 ad
1984 2068 2149 2144 h.1.
2196 2099 2274 2174 p.
2318 2100 2435 2171 ¹7·
2484 2072 2620 2147 fin.

418 2176 765 2251 min&
805 2176 1657 2275 επεὶπῐᾶξωιτιπὲισιὲῐπ
1700 2184 2103 2286 §ruffin
2155 2195 2440 2285 „etiam
2477 2194 2623 2296 qui

425 2298 666 2376 libros
709 2325 960 2377 sacros
1007 2303 1207 2378 bene
1259 2309 1479 2383 novit
1527 2337 1690 2385 non
1737 2311 1975 2387 saciat
2034 2314 2623 2417 inquisitionm

422 2422 880 2522 Brahmanis
924 2428 1388 2527 cognitionis
1431 2457 1530 2506 ex
1594 2460 1735 2507 suo
1801 2437 2129 2510 arbitrio
2174 2439 2341 2528 (sed
2388 2441 2627 2543 magi-

421 2546 565 2624 stri
611 2546 1040 2640 oonsilio).“
1135 2555 1238 2625 Et
1281 2553 1527 2628 sicin
1569 2555 1794 2629 India
1842 2584 2103 2633 revera
2138 2563 2434 2637 factum
2470 2589 2627 2639 esse

422 2666 773 2744 videmus
789 2701 813 2761 3
890 2674 1176 2748 nullibi
1246 2678 1497 2751 maior
1561 2682 1921 2780 magistro
1973 2683 2229 2759 honor
2274 2705 2355 2760 et
2398 2713 2629 2761 vene-

428 2792 662 2873 ratio,
735 2793 1024 2866 nullibi
1091 2797 1582 2900 frequentior
1646 2804 1748 2875 ad
1795 2808 1996 2880 viros
2058 2807 2321 2883 doctos
2366 2828 2445 2884 et
2490 2837 2625 2884 sa-

425 2914 725 3016 pientes
787 2943 1205 2995 concursus
1249 2942 1330 2997 et
1392 2923 1793 3003 ardentius
1857 2930 2418 3035 discipulorum
2463 2953 2629 3008 stu·

427 3031 670 3108 dium.
771 3037 1209 3116 Mousti-ant
1276 3045 1424 3121 hoc
1492 3050 1727 3123 etiam
1793 3053 2352 3153 Upanishades,
2418 3084 2629 3160 quae

425 3176 516 3234 ea
586 3152 1042 3256 disputandi
1108 3163 1474 3239 methodo
1537 3186 1918 3261 utuntur,
1992 3193 2087 3248 ut
2155 3180 2626 3281 plerumque

425 3275 878 3375 magistrum
942 3279 1328 3372 inducant,
1370 3286 1786 3394 discipulos
1824 3320 1999 3370 suos
2061 3299 2623 3377 instituentem.

426 3397 637 3470 Hinc
684 3399 1183 3500 explicandae
1244 3427 1429 3482 sunt
1489 3414 1741 3487 variae
1789 3418 2175 3493 librorum
2224 3447 2622 3499 sacrorum

429 3519 903 3594 recensiones
949 3550 995 3596 a
1046 3526 1272 3601 variis
1317 3535 1695 3633 magistris
1762 3543 2226 3643 propositae,
2301 3571 2348 3617 a
2398 3544 2627 3621 ‹lisoi-

426 3639 636 3741 pulis
702 3639 803 3716 ad
874 3645 1158 3724 seriora
1222 3676 1468 3752 usque
1536 3675 1883 3761 tempora
1949 3685 2418 3769 propagatae
2476 3666 2623 3762 (ef.

427 3758 903 3838 Bbavabhut.
954 3768 1219 3844 Malat.
1272 3773 1534 3848 Madh.
1585 3778 1701 3850 ed.
1752 3785 2045 3858 Lassen-
2100 3815 2173 3889 p.
2227 3794 2311 3880 3,
2365 3791 2412 3863 l.
2468 3789 2620 3889 7.),

428 3879 618 3960 hinc
690 3884 772 3957 in
857 3887 1014 3988 ipsa
1096 3888 1450 3970 doctrina
1535 3896 1874 3975 diversae
1945 3907 2165 4006 quasi
2259 3909 2620 3986 familiae.

430 4003 948 4112 Chhandogya
999 4034 1066 4084 e.
1097 4039 1165 4112 g.
1221 4015 1306 4090 in
1355 4018 1609 4123 capite
1653 4043 1935 4124 quarto
1984 4030 2626 4111 Haridrnmatam
