2964 4737
346 513 378 528 ὀ

1284 321 1408 379 ,-
1511 323 1808 420 74⁴-

463 514 641 587 thar
687 529 766 587 et
810 510 1147 619 simplici
1197 510 1793 591 demonstrativo
1836 540 1955 605 sa,
2002 539 2113 606 50,
2164 515 2409 606 thala,
2459 543 2656 618 quo-

463 663 644 710 rum
693 637 849 712 vim
900 656 1163 739 auget,
1209 638 1630 742 praecipue
1681 636 1980 732 ultimi3
2030 635 2387 713 additum
2437 635 2658 712 deni-

461 784 618 861 que
684 760 1229 862 interrogativo
1297 762 1478 836 levas
1526 780 1606 838 et
1661 763 1953 865 *hvarjis
2029 761 2264 864 plane
2328 758 2659 847 eandem.

457 907 718 959 sensus
767 885 1278 959 mutationem
1340 882 1611 979 efficit,
1662 909 1899 986 quam
1951 882 2319 958 Latinum
2370 908 2512 982 que
2561 884 2653 959 in

459 1009 789 1108 quisque.
890 1005 983 1080 Id
1034 1005 1276 1108 igitur
1323 1023 1621 1081 certum
1673 1022 1801 1093 est,
1855 1024 2094 1077 unam
2138 1003 2351 1078 illam
2373 1005 2655 1085 Gothi-

459 1151 631 1199 cam
713 1127 1182 1231 particulam
1247 1127 1354 1200 uh
1426 1124 1514 1200 in
1580 1124 1850 1227 lingua
1897 1123 2172 1200 Latina
2248 1124 2645 1229 duplicem

426 1245 789 1321 formam
855 1271 1267 1322 assumere:
1352 1271 1438 1323 ce
1508 1265 1586 1324 et
1648 1273 1827 1350 que,
1889 1245 2294 1348 variosque
2366 1272 2455 1322 ea
2527 1274 2656 1322 ex-

454 1368 695 1472 primi
786 1369 1270 1470 cogitationis
1349 1368 1573 1470 quasi
1663 1369 1974 1444 colores.
2088 1368 2389 1468 Lingua
2449 1371 2653 1447 San-

454 1490 687 1565 scrita
728 1490 993 1565 eadem
1021 1516 1335 1595 prorsus
1381 1490 1684 1565 ratione
1719 1487 2032 1594 duplice
2068 1487 2328 1562 utitur
2372 1488 2660 1563 forma-

459 1611 707 1688 tione:
779 1635 830 1698 ῖ
895 1613 1278 1716 particula
1347 1610 1810 1695 restrictiva,
1888 1634 2089 1711 quae
2155 1608 2241 1684 in
2310 1611 2658 1714 antiquis

454 1733 680 1809 libris
717 1761 896 1808 cum
928 1734 1392 1839 pronomine
1429 1734 1700 1807 tertiae
1724 1757 2091 1835 personae
2125 1731 2652 1834 coniungitur,

453 1872 534 1928 et
579 1875 640 1926 τε
685 1856 1070 1960 particula
1119 1854 1577 1959 copulativa,
1630 1879 1830 1955 quae
1880 1854 2069 1928 olim
2105 1852 2336 1927 etiam
2375 1880 2657 1956 prono·

452 2002 637 2052 men
688 1975 1323 2078 interrogativum
1357 1974 1876 2050 comitabatur
1897 1971 2037 2067 (πᾶ,
2059 1973 2197 2044 ἱὲῐὲῦ
2218 1974 2431 2049 Cath.
2453 2002 2567 2077 pa
2593 2003 2654 2068 ι,

452 2097 509 2173 l.
550 2127 658 2198 ¹7·
711 2104 895 2174 Isav.
948 2126 1022 2202 p.
1069 2095 1318 2183 1,'‘‚l.5.
1374 2096 2037 2201 Chhandogy.IV,
2084 2124 2143 2170 ι.
2196 2096 2542 2186 Chh.V1‚
2581 2125 2652 2196 7.

445 2213 497 2290 ἢ
538 2213 600 2290 ἃῖ
645 2240 706 2291 τε
754 2221 858 2294 ih.
910 2221 962 2294 Ι.
984 2225 1051 2296 8.
1129 2217 1545 2296 Balabodh.
1577 2246 1643 2295 v.
1671 2226 1785 2297 28.
1870 2222 2141 2294 Lassen
2194 2216 2291 2291 de
2331 2221 2652 2321 Pentap.

454 2340 631 2420 lnd.
668 2372 743 2448 p.
773 2348 894 2444 87.
946 2341 1195 2418 forma
1245 2362 1470 2419 aucta
1522 2358 1631 2440 est
1676 2362 1873 2436 erm-013
1929 2341 2014 2417 in
2053 2339 2297 2416 latino
2348 2342 2652 2443 quicun-

454 2490 600 2570 que
662 2464 861 2540 mihi
946 2464 1135 2539 haec
1208 2465 1511 2542 relativi
1586 2491 1769 2540 cum
1848 2463 2393 2565 interrogativo
2459 2461 2652 2536 unio

452 2604 742 2663 servata
795 2609 947 2662 esse
995 2584 1358 2679 videtur).
1457 2587 1572 2659 Ne
1639 2583 1815 2686 quis
1885 2602 2144 2660 autem
2197 2583 2402 2664 hanc
2452 2610 2649 2660 con-

455 2706 834 2784 iecturam
885 2706 1378 2781 audaciorem
1427 2731 1578 2780 esse
1615 2723 1871 2814 putet,
1921 2703 2006 2778 id
2057 2732 2353 2797 mone0,
2412 2724 2651 2783 totam

454 2828 920 2932 palatalium
961 2824 1290 2903 classem*
1307 2827 1602 2902 etiamsi
1648 2826 1734 2901 in
1785 2828 2054 2930 lingua
2089 2828 2466 2903 Sanscrita
2515 2855 2653 2904 an·-

457 2949 993 3050 tiquissimam,
1036 2973 1197 3023 non
1232 2947 1708 3051 primitivam
1747 2973 1935 3034 esse,
1969 2947 2183 3050 quod
2216 2968 2651 3026 monstrant

454 3068 772 3170 linguae
831 3087 1198 3171 cognatae
1247 3085 1326 3145 et
1392 3070 1822 3145 nonnullae
1870 3069 2424 3148 vocabulorum
2474 3072 2652 3148 reli-

454 3192 724 3294 quiae,
790 3218 983 3295 quas
1043 3190 1233 3266 alibi
1306 3190 1711 3292 tetigimus.
1811 3193 2339 3269 Vetustissima
2406 3194 2650 3297 igitur

457 3313 708 3389 forma
782 3333 944 3390 erat
988 3334 1082 3402 επ,
1171 3338 1372 3414 quae
1432 3311 1729 3391 ‘deinde
1798 3313 1885 3389 in
1931 3334 1989 3385 τι·
2055 3314 2360 3391 transiit
2378 3349 2401 3410 3
2455 3316 2651 3394 ‘iam
2719 3298 2724 3302 .

454 3433 665 3513 vides
711 3431 1303 3510 similitudinem
1339 3433 1597 3508 Latini
1648 3461 1792 3537 que
1836 3451 1915 3511 et
1964 3460 2089 3529 ⁰63
2142 3459 2191 3523 Ε
2238 3462 2415 3513 vero
2470 3463 2652 3514 cum

325 3659 345 3673 .
456 3576 518 3627 ἐτ
563 3555 969 3631 cohaerere
1017 3579 1061 3628 e
1112 3553 1444 3630 Gothico
1497 3559 1601 3631 uh
1648 3557 1827 3633 satis
1869 3576 2207 3662 apparet.
2284 3558 2655 3661 Sequitur

457 3678 726 3777 lingua
754 3677 1078 3765 Graeca,
1135 3702 1335 3778 quae
1385 3677 1671 3752 iterum
1702 3677 1894 3754 duas
1927 3676 2292 3783 procudit
2326 3680 2651 3756 formas:

457 3800 543 3869 τὲ
593 3798 711 3895 (in
763 3796 1107 3872 dialectis
1157 3794 1284 3890 κά)
1328 3798 1896 3902 copulativam,
1964 3798 2180 3901 quod
2237 3801 2656 3904 postponi-

459 3938 593 3998 tur
637 3938 716 3995 et
750 3920 847 3995 ab
881 3921 1215 3995 Homero
1263 3945 1447 3994 cum
1499 3920 1819 3995 relativo
1869 3921 2413 4024 coniungitur,
2465 3941 2544 3997 et
2575 3924 2653 4015 γὲ

455 4043 680 4120 sensu
710 4039 1154 4131 restria-tivo,
1206 4040 1420 4143 quod
1450 4041 1687 4142 etiam
1720 4042 2147 4149 saepissime
2184 4044 2656 4151 pronomina
