2964 4737
1198 276 1745 362 -104--ι

392 449 742 537 custodia
805 466 882 524 et
950 444 1447 550 rigidissimae
1517 443 2038 551 poenitentiae
2104 446 2471 551 exempla
2504 446 2609 544 in,

389 571 630 649 Vedis
721 589 1313 649 commemorata
1345 630 1364 660 ‚
1454 596 1655 673 quae
1738 595 2194 665 enumerare
2267 571 2599 670 longum

392 713 525 770 est·
626 694 748 770 Sic
797 693 1034 768 Indra
1105 693 1186 766 in
1250 692 1754 794 Chhandogy.
1802 695 2018 779 VIII,
2084 719 2190 765 11.
2271 709 2592 766 centum.

393 841 639 890 annos
702 813 1064 918 discipuli
1132 815 1384 889 officia
1459 815 1874 890 exercuisse
1939 813 2277 900 dicitur‚'
2343 814 2597 920 prius-

396 961 636 1035 quam
686 961 729 1007 a
796 934 1543 1010 Brahmaneeveram
1612 934 2132 1036 cognitionem
2188 930 2591 1038 acceperit.

393 1054 708 1158 Saepius
758 1055 1099 1156 magistri
1152 1074 1309 1131 tam
1358 1055 1596 1130 severi
1644 1073 1862 1145 sunt,
1918 1074 2010 1130 ut
2048 1080 2144 1141 ne
2185 1057 2596 1143 minimam

392 1175 716 1278 quidem
807 1175 1204 1251 doctrinae
1290 1202 1471 1251 suae
1560 1196 1859 1279 partem
1941 1204 2119 1250 cum
2198 1176 2609 1279 discipulis

394 1295 972 1371 communicare
1041 1299 1286 1371 velint
1332 1316 1411 1371 et
1467 1296 1995 1373 constantibus
2058 1299 2597 1383 tantummodo

390 1417 752 1522 precibus
775 1417 874 1492 ad
902 1418 1301 1495 revelanda
1332 1445 1611 1493 arcana
1638 1439 2233 1522 permoveantur
2257 1414 2609 1514 (Chhanss

392 1536 676 1643 dogy.).
769 1543 1023 1617 Tanto
1076 1543 1496 1617 nonnullos
1548 1540 1884 1619 veritatis
1933 1539 2191 1615 studio
2245 1542 2602 1644 impletos

392 1687 547 1737 esse
580 1660 962 1751 videmus,
1012 1678 1104 1736 ut
1138 1661 1347 1735 ultro
1382 1684 1644 1734 omnes
1675 1658 1991 1749 divitias.-
2012 1685 2182 1735 suas
2231 1657 2324 1732 iis
2373 1661 2601 1762 polli-

393 1802 755 1874 ceantur,
826 1813 871 1861 a
923 1784 1211 1886 quibus
1272 1809 1532 1857 veram
1596 1765 2085 1886 sapientiam¹
2125 1799 2603 1884 exspectant3

396 1905 600 2009 quid
645 1907 857 1981 enim
906 1905 1197 1980 divitiis
1247 1904 1476 1979 faciet
1528 1904 1625 1993 is,
1692 1905 1833 2006 qui
1884 1904 1982 1980 ab
2034 1903 2399 1980 omnibus
2452 1922 2603 1999 ter-f

395 2028 608 2102 renis
651 2027 985 2103 vinculis
1033 2025 1348 2105 liberari
1405 2024 1673 2125 gestit?
1716 2025 2080 2125 ,Magister
2115 2044 2378 2113 autem
2417 2051 2601 2115 eum

393 2175 695 2235 summa
743 2147 1266 2225 misericordia
1307 2166 1714 2250 *permotus
1768 2147 2109 2222 instituit
2155 2143 2236 2241 (er
2283 2169 2393 2248 ff&
2442 2169 2600 2243 tsi-tt-

393 2292 563 2366 ςπειτ
603 2309 706 2328 --
754 2274 1111 2371 ρη-Ξσὲπῆ
1165 2299 1176 2338 ι
1233 2267 1644 2359 Vedantas.
1697 2299 1783 2375 p,
1815 2281 1903 2366 4,
1955 2271 2003 2344 l.
2040 2266 2217 2363 6.)„
2257 2268 2601 2378 nonwdo-

396 2390 521 2468 nis
568 2410 707 2468 aut
756 2392 927 2467 aliis
1001 2391 1401 2466 illecebris».
1504 2392 1754 2495 Ipsius
1827 2391 2338 2472 institutionis
2384 2392 2599 2484 ‘haec

396 2512 655 2616 prima
706 2530 819 2587 est
865 2513 989 2587 lex
1039 2532 1116 2588 et
1162 2510 1548 2601 conditio,
1633 2531 1726 2587 ut
1756 2583 1757 2586 ,
1787 2511 2212 2616 discipulus
2286 2512 2601 2588 indubi-

400 2651 659 2708 tanter
694 2652 772 2709 et
808 2633 1031 2708 firme
1061 2632 1341 2725 credat,
1377 2657 1578 2735 quae
1613 2660 1657 2706 a
1696 2632 2055 2734 magistro
2092 2633 2600 2736 proferuntur

396 2754 836 2853 (Vedantas.
886 2784 958 2860 p.
981 2762 1047 2846 ὅ,
1081 2756 1131 2829 l.
1170 2782 1278 2830 ιι.
1328 2747 1802 2852 ξξὲιῖῦπδηεέῐξῑ
1847 2758 2082 2830 τρέπει-(τε
2134 2778 2307 2830 ειῖτι
2367 2757 2602 2856 „fides
2668 2850 2675 2857 ἱ

394 2894 509 2951 est
556 2876 1027 2953 confidentia
1091 2877 1175 2951 in
1229 2876 1602 2951 doctrinis
1652 2875 2051 2952 Vedantae
2101 2896 2179 2952 et
2230 2879 2313 2952 in
2366 2880 2601 2981 magi-

393 2994 666 3092 stro“).
730 2997 984 3074 Asolo
1023 2997 1232 3071 enim
1278 2999 1639 3100 magistro
1678 2979 2202 3100 cognitionem
2254 3000 2603 3075 obtinere

331 3169 336 3170 ν
394 3136 683 3223 potest,
720 3120 876 3195 suis
912 3119 1210 3195 viribus
1249 3146 1406 3193 non
1444 3119 2012 3221 assequendam,
2099 3123 2312 3196 Sanc.
2358 3114 2619 3225 praef(

396 3236 498 3313 ad
522 3240 797 3316 Mund.
833 3270 908 3346 p.
941 3270 1000 3332 1,
1034 3242 1083 3315 l.
1119 3245 1225 3315 ιδ.
1279 3241 2276 3344 Brahmaniscognitionem
2326 3265 2602 3342 W·

394 3369 555 3434 fflwi
607 3357 761 3438 esse
810 3363 956 3448 ait,
1009 3361 1085 3436 h.
1130 3387 1195 3435 e.
1250 3363 1591 3463 magistri
1642 3362 1900 3438 favore
1977 3363 2528 3466 accipiendam.

594 3480 989 3578 Ducimur
1055 3480 1236 3555 hac.
1278 3508 1362 3555 re
1439 3480 1544 3556 ad
1622 3485 1857 3560 aliam
1929 3510 2256 3586 eamque
2323 3486 2599 3587 gravis-

396 3602 712 3678 simam·
761 3604 1334 3705 quaestionem,
1423 3633 1580 3707 qua
1656 3607 1956 3682 ratione
2033 3607 2268 3684 homo
2340 3634 2599 3684 veram

395 3723 921 3825 cognitionem
991 3725 1139 3801 sibi
1215 3754 1660 3832 comparare
1726 3729 1981 3833 possit.
2079 3734 2266 3807 Tres
2337 3751 2600 3808 autem

396 3847 861 3947 cognitionis
955 3849 1122 3926 viae
1208 3850 1307 3923 ab
1407 3850 1796 3938 omnibus
1851 3852 2231 3938 Indorum
2320 3854 2598 3942 scholis

385 3966 983 4062 ¹admittuntur:
1073 3970 1467 4077 perceptio
1561 3996 1923 4052 sensuum
1950 4031 1971 4065 ,
2055 3975 2445 4056 conclusio
2520 3989 2599 4049 et
