2964 4737
593 852 900 929 Absolvi
953 851 1172 949 prius
1220 853 1426 929 hanc
1476 851 1574 927 de
1609 858 1984 931 Sancarae
2024 855 2179 934 vita
2213 855 2590 959 quaestio—

390 1000 612 1061 nem,
662 995 758 1053 ut
786 997 1089 1052 certum
1126 976 1496 1053 haberem
1547 976 2190 1069 fundamentum,
2239 1007 2398 1081 quo
2427 1007 2593 1082 gra-

391 1098 561 1173 vior
647 1101 889 1175 altera
955 1118 1034 1175 et
1112 1100 1456 1203 profecto
1541 1098 1931 1183 difficilior
2012 1102 2435 1205 disputatio
2497 1103 2595 1176 de

394 1221 632 1324 ipsius
682 1221 1217 1326 philosophiae
1249 1222 1725 1301 Vedanticae
1776 1225 2076 1327 origine
2127 1242 2204 1301 et
2252 1223 2596 1326 antiqui-

397 1362 554 1420 tate
606 1345 1028 1429 niteretur,
1102 1346 1325 1423 cuius
1389 1348 2132 1451 praestantissimum
2203 1347 2600 1424 doctorem

395 1467 812 1542 Sancaram
879 1469 1110 1544 fuisse
1175 1467 1532 1544 vidimus.
1656 1472 1953 1547 Scimus
2016 1490 2278 1546 autem
2346 1489 2598 1545 ortam

306 1574 313 1579 ’
395 1612 548 1664 esse
600 1587 1037 1669 doctrinam
1090 1593 1306 1666 illam
1360 1618 1403 1665 e
1451 1593 1684 1668 sacris
1734 1593 1955 1667 libris
2018 1589 2425 1693 theologici
2475 1620 2599 1666 ar-

395 1713 786 1813 gumenti,
857 1742 1054 1816 quos
1107 1717 1660 1819 Upanishades·
1700 1736 1980 1793 vocant
2050 1715 2260 1809 Indi3
2333 1716 2485 1789 iam
2535 1712 2597 1787 si

393 1862 439 1909 a
493 1835 718 1910 nobis
769 1834 1382 1917 demonstratum
1433 1840 1615 1929 erit,
1691 1837 2218 1944 Upanishades
2270 1837 2599 1939 antiquo

400 1976 743 2062 tempore
805 1962 1125 2065 scriptas
1188 1989 1382 2052 esse,
1455 1963 1646 2040 hinc
1712 1962 2131 2041 necessario
2194 1979 2597 2064 sequetur,

395 2083 631 2157 etiam
677 2084 1076 2160 Vedantae
1148 2088 1474 2190 placita,
1552 2114 1751 2189 quae
1825 2088 1978 2163 illis
2053 2086 2601 2172 continentur,

399 2221 694 2279 vetusta
769 2231 920 2280 esse
951 2259 972 2291 ‚
1062 2210 1444 2310 longeque
1517 2229 1698 2285 ante
1759 2212 2089 2287 Graecos
2161 2208 2601 2313 posterioris

401 2326 766 2432 temporis
808 2347 1117 2432 mystas,
1172 2331 1759 2432 Neoplatonicos
1809 2332 2185 2431 aliosque,
2255 2330 2600 2405 floruisse

397 2449 498 2523 ad
541 2450 832 2553 Gangis
870 2452 1075 2555 ripas
1110 2451 1684 2556 philosophiam
1721 2453 2154 2554 mysticam,
2206 2478 2406 2553 quae
2442 2470 2598 2525 tam

394 2572 666 2648 similis
713 2592 823 2649 est
873 2600 1081 2651 serae
1129 2594 1207 2649 et
1270 2573 1611 2650 exoticae
1677 2576 1794 2649 illi
1850 2576 2324 2649 Graecorum
2375 2572 2601 2647 disci·

400 2695 702 2800 plinae,
778 2715 871 2772 ut
917 2724 1221 2775 summo
1275 2699 1448 2773 iure
1495 2700 1661 2775 eius
1727 2717 1972 2774 mater
2016 2698 2285 2773 haberi
2340 2696 2598 2801 possit.

395 2818 514 2893 Ad
566 2820 1047 2923 probandam
1098 2839 1360 2897 autem
1408 2822 1996 2926 Upanishadum
2048 2820 2599 2922 antiquitatem

398 2967 491 3016 ex
541 2942 921 3020 Indorum
972 2948 1588 3037 narrationibus,
1654 2973 1857 3048 quae
1906 2973 2156 3022 sacros
2216 2944 2452 3019 libros
2497 2941 2601 3017 ad

396 3091 607 3140 casca
689 3084 1036 3170 tempora
1106 3067 1457 3142 referunt
1529 3093 1813 3169 eosque
1881 3094 2039 3141 una
2092 3095 2271 3141 cum
2321 3071 2474 3143 sole
2525 3088 2603 3143 et

399 3190 590 3264 luna
639 3208 847 3265 ortos
895 3214 1047 3266 esse
1098 3190 1555 3293 perhibent,
1621 3208 2168 3290 argumentum
2224 3191 2379 3292 peti
2436 3218 2596 3265 non

397 3337 608 3416 posse
673 3328 1018 3416 apparet.
1120 3314 1313 3385 Nam
1387 3311 1677 3413 partim
1750 3311 1935 3385 tales
2002 3310 2302 3385 fabulas
2375 3335 2597 3413 saepe

396 3430 1009 3510 mendacissimas
1047 3457 1196 3507 esse
1236 3431 1610 3506 obiicient
1662 3430 1739 3514 ii,
1793 3431 1933 3533 qui
1961 3428 2340 3506 Indorum
2392 3432 2598 3507 litte-

398 3554 504 3628 ris
550 3554 944 3630 vetustatis
992 3552 1368 3627 honorem
1423 3551 1828 3628 detrahere
1878 3550 2239 3643 student,
2294 3549 2597 3656 'partim

395 3702 600 3779 quae
650 3674 747 3749 de
788 3676 1100 3778 hymnis
1150 3691 1227 3748 et
1276 3673 2048 3749 formulisVedarum
2090 3675 2378 3768 valent,
2432 3704 2596 3752 non

393 3800 655 3878 valent
705 3795 799 3869 de
856 3792 1522 3898 Upanishadibus‚
1594 3820 1785 3896 quas
1837 3795 1991 3870 illis
2055 3795 2397 3871 iuniores
2445 3823 2598 3872 esse

396 3937 734 4012 constat3
788 3942 1042 4018 neque
1090 3914 1413 3992 memini
1465 3915 1610 3989 loci
1639 3971 1659 4004 ,
1716 3914 1799 3990 in
1848 3941 2007 4018 quo
2064 3917 2214 3991 tale
2263 3919 2459 4019 quid
2500 3920 2598 3994 de

395 4041 700 4145 origine
753 4034 1344 4142 Upanishadum
1398 4054 1804 4124 narretur,
1861 4036 2092 4138 quale
2143 4035 2239 4111 (le
2294 4041 2599 4116 mulctu

2088 4166 2138 4252 4
