2964 4737
561 294 569 323 ι
1300 330 1386 344 -
1500 319 1587 388 72
1684 329 1782 341 „-

444 483 526 559 id
577 501 906 574 constat,
986 484 1490 587 irregularem
1541 488 1755 563 illam
1811 490 2081 590 longae
2130 515 2181 560 a
2233 487 2653 591 interposi-

443 607 731 710 tionem
777 634 939 691 ‚uon
992 607 1094 681 ad
1137 606 1387 683 Vedas
1434 609 1686 683 solum
1739 608 2166 710 pertinere,
2244 631 2496 708 neque
2552 607 2652 681 in

389 765 393 768 >
436 729 921 813 invocatione
974 748 1281 806 tantum
1328 731 1592 804 locum
1640 729 1967 820 habere,
2021 726 2153 803 sed
2201 753 2416 832 posse
2464 753 2649 803 eam

383 851 690 928 ‹ubivis
757 854 1211 958 usurparis·
1253 853 1770 955 restringitur,
1834 870 2091 929 tamen
2159 876 2249 926 ea
2320 851 2651 928 licentia

441 973 587 1053 hac
635 976 861 1078 lege„
884 993 978 1051 ut
1027 977 1837 1052 inveniatur-nonnisi
1892 977 1979 1053 in
2031 977 2184 1051 illis
2234 974 2649 1065 dvandvis,

442 1122 643 1198 quae
709 1122 754 1170 e
831 1097 1281 1173 nominibus
1353 1098 1678 1203 deorum
1759 1117 2134 1202 perpetua
2203 1116 2285 1173 et
2348 1116 2651 1175 sacrata

386 1263 389 1268 ·
441 1219 526 1292 in
604 1218 841 1297 Vedis
912 1218 1272 1296 societate
1340 1222 1940 1298 coniunctorum
1985 1222 2346 1297 formata
2388 1221 2646 1313 .sint;

442 1342 643 1416 aliae
691 1343 1170 1447 exceptiones
1221 1346 1456 1445 supra
1502 1345 1952 1445 singulatim
1996 1345 2400 1449 expositae.
2487 1344 2651 1417 ·Er-

440 1484 721 1540 rarunt
773 1465 1013 1541 nostri
1066 1467 1548 1580 grammatici
1601 1468 1831 1543 etiam
1886 1467 1967 1542 in
2014 1463 2409 1568 (κυφαὶ
2448 1464 2651 1541 ulti-

442 1615 652 1661 mam
716 1588 1060 1662 vocalem
1130 1590 1329 1662 vocis
1379 1589 1662 1692 prioris
1712 1587 2044 1692 produci
2095 1587 2397 1671 dicant,
2439 1613 2650 1662 ·cum

444 1709 704 1812 potius
742 1730 817 1777 m
868 1709 1278 1784 inseratur.
1383 1711 1599 1785 Idem
1652 1712 1849 1784 valet
1897 1709 1993 1784 de
2042 1708 2453 1812 irregulari
2503 1708 2647 1785 illo

445 1851 593 1901 men
648 1848 725 1904 et
790 1833 1029 1921 Q,
1078 1858 1494 1934 quaeenon
1564 1835 1647 1907 in
1720 1832 2254 1933 antiquissima
2335 1849 2646 1906 tantum

451 1951 722 2051 lingua
758 1953 1301 2050 reperiuntur-3
1355 1980 1441 2027 ea
1477 1952 1888 2057 peculiaris
1907 1952 2301 2031 Vedarum
2331 1952 2647 2028 licentia

449 2092 577 2156 est,
628 2093 721 2148 ut
760 2094 922 2146 ἐπεῖ·
953 2101 998 2149 a
1045 2070 1226 2167 {fa-5?
1275 2090 1851 2175 nonnunquam
1894 2093 2309 2179 separetur,
2363 2093 2647 2151 totum-

453 2222 611 2298 que
677 2197 1188 2299 compositum
1260 2196 1766 2297 irregularem
1833 2197 2456 2272 terminationem
2517 2191 2648 2268 ad·-

374 2352 379 2357 ·
453 2319 737 2405 sciscata
837 2319 1341 2398 Locutionem
1414 2310 1759 2410 quffiai}
1824 2316 2181 2394 nondum
2234 2318 2318 2394 in
2366 2317 2647 2393 seriore

455 2443 826 2545 scriptore
893 2441 1201 2535 inveni3
1273 2440 1541 2516 inserti
1594 2458 1855 2518 autem
1905 2440 2115 2515 illius
2160 2461 2237 2514 w
2285 2440 2645 2515 luculen-

461 2584 629 2641 tum
698 2565 1138 2667 exemplum
1203 2562 1519 2665 praebet
1583 2561 2147 2640 Vicramorvasi
2186 2564 2351 2647 lv,
2402 2590 2474 2665 p.
2515 2566 2641 2661 87,

460 2688 512 2761 1.
536 2714 608 2785 9.
659 2677 1020 2785 εῂιῑεπῆ
1062 2704 1174 2755 um
1222 2675 1693 2768 πιπιπεῑῇῑπιτιῇ
1748 2708 1759 2749 ι
1815 2684 2027 2758 Man.
2067 2685 2207 2773 XI,
2266 2681 2430 2778 254.
2479 2681 2646 2753 εῆτπ·

456 2803 597 2903 ᾖξε.
700 2806 955 2880 Facile
1005 2822 1265 2878 autem
1338 2803 1672 2903 intelligi
1735 2821 1982 2907 potest
2032 2829 2160 2891 ea,
2229 2830 2462 2906 quam
2518 2830 2649 2880 nos

452 2956 555 3004 ex
624 2927 1015 3013 Indorum
1072 2926 1588 3028 grammaticis
1667 2927 2252 3031 proposuimus,
2357 2915 2648 3001 ratione

464 3078 727 3128 omnes
801 3051 937 3134 has
999 3031 1421 3125 anomalias
1470 3049 1573 3124 ad
1641 3078 1882 3125 unam
1951 3049 2218 3128 reduci
2284 3076 2649 3136 caussam,

467 3177 831 3251 insertam
902 3198 1179 3276 nempe
1225 3192 1337 3261 m,
1414 3198 1616 3274 quae
1670 3172 1755 3245 in
1824 3172 2145 3273 reliquis
2211 3170 2651 3248 nominibus

464 3293 992 3432 praecedentis
1020 3294 1298 3370 vocalis
1339 3291 1873 3377 abiectionem,
1925 3294 2011 3369 iu
2057 3294 2133 3367 ζῆ
2177 3313 2254 3369 et
2302 3316 2405 3367 εστι
2457 3290 2653 3366 vrid·

465 3417 686 3496 dhim
717 3473 738 3504 ,
805 3418 891 3489 in
937 3436 1052 3506 ῑτῐῆῐ
1103 3432 1240 3489 etc.
1314 3441 1603 3515 gunam
1673 3417 2031 3524 requirit
2075 3462 2184 3489 ·.-.-
2287 3414 2648 3491 Recensui

467 3542 797 3617 rariores
833 3537 1376 3615 declinationis
1403 3558 1502 3614 et
1515 3539 2075 3642 conjugationis
2110 3539 2396 3615 formas
2428 3557 2653 3638 atque

468 3690 683 3739 voces
733 3661 1178 3766 radicesque
1228 3664 1488 3746 minus
1537 3664 1751 3746 tritas
1799 3679 1877 3736 et
1917 3662 2171 3744 adieci
2224 3662 2319 3735 de
2360 3658 2656 3763 com-po-

471 3786 653 3866 sitis-
702 3785 1158 3890 copulativis
1225 3786 1624 3883 πάρεργον,-
1705 3782 1803 3858 ad
1854 3783 2065 3887 quod
2122 3812 2383 3860 ansam
2447 3781 2656 3857 dedit

469 3907 1015 4011 Chbandogya.
1122 3911 1411 3999 Restat,
1469 3927 1563 3984 ut
1598 3906 1694 3981 de
1744 3909 2146 4011 particulis
2196 3905 2655 4010 quibusdam

470 4031 896 4138 disputem,
970 4056 1172 4133 quae
1223 4032 1308 4112 in
1363 4031 1988 4137 Upanishadibus
2043 4032 2480 4139 saepissime
2544 4056 2655 4106 oc·
