2964 4737
1207 381 1302 399 ....
1402 354 1491 440 43
1600 380 1689 398 ..-

379 542 640 634 datur,
696 545 1085 625 Wilsonus
1123 549 1228 620 As.
1264 550 1419 622 Res.
1466 548 1647 635 XV,
1701 545 1772 648 p.
1807 544 1923 621 5..
1996 559 2214 621 acute
2278 542 2525 617 conie-

373 667 512 756 cit,
567 666 882 741 eandem
934 692 1081 743 esse
1132 693 1326 756 rem,
1413 694 1646 767 quam
1703 659 2202 767 Anan'dagiris
2264 664 2525 767 paullo

374 785 598 859 aliter
648 782 728 860 in
754 787 1447 892 Sancaradigvijaya
1480 790 1891 894 descripsit.
1991 784 2525 888 Lalitadityam

375 931 552 981 vero
599 906 696 980 ab
745 934 949 984 anno
1007 919 1147 1008 714
1214 937 1449 1013 usque
1495 910 1593 986 ad
1658 937 1952 987 annum
2004 908 2144 1011 750
2204 932 2525 1010 regnum

373 1029 787 1105 obtinuisse
846 1031 1160 1122 seimus,
1235 1028 1444 1136 quod
1497 1038 1911 1110 &mearam
1984 1049 2163 1129 ante
2231 1056 2526 1105 annum

379 1147 518 1249 750
590 1151 677 1228 in
748 1154 1157 1230 Casmiram
1240 1157 1522 1232 venisse
1601 1156 1895 1297 probat.
2029 1151 2263 1229 Vides
2340 1151 2534 1230 haee.

372 1274 630 1350 omnia
694 1277 982 1380 optime
1040 1306 1490 1383 congruere,
1562 1282 1624 1356 si
1671 1282 1904 1355 Ram·
1918 1275 2263 1352 Mohun-
2230 1277 2534 1379 -Rayae

374 1396 568 1471 latio
617 1398 1061 1503 adoptatur,
1114 1425 1156 1472 a
1208 1426 1362 1501 qua
1414 1398 1771 1475 nonnihil
1824 1411 2287 1472 recesserunt
2317 1393 2536 1477 Coie<

372 1517 730 1594 brookius
778 1520 1208 1612 (Transact.
1252 1521 1358 1606 II,
1408 1544 1487 1621 p.
1514 1513 1635 1609 6.)
1682 1533 1760 1591 et
1801 1515 2196 1591 Wilsonus
2236 1508 2546 1616 (praef.

372 1638 760 1743 p.XV11.>.
829 1641 1115 1716 Ultimo
1164 1640 1328 1714 loeo
1376 1635 1685 1725 addam,
1737 1636 1823 1710 in
1872 1634 2185 1709 historia
2215 1636 2532 1735 Mongo-·

373 1764 628 1839 lorum
677 1792 720 1838 a
768 1765 1100 1863 Ssanang
1145 1765 1428 1838 Ssetsen
1476 1761 1754 1864 scripta
1819 1755 2212 1856 (Schmidt
2259 1785 2334 1861 p.
2379 1754 2534 1850 35.)

373 1890 740 1963 Sancarae
789 1885 1086 1959 Brimae
1133 1881 1498 1959 Panditae
1551 1880 1797 1957 Indici
1862 1879 2259 1963 cuiusdam
2320 1904 2530 1953 men-

376 2008 662 2083 tionem
713 2009 975 2102 iniici,
1044 2008 1183 2112 qui
1249 2005 1484 2082 libros
1552 2007 1968 2082 nonnullos
2035 2005 2118 2079 in
2189 2005 2556 2106 linguam.

375 2130 897 2206 Tibetanicam
945 2131 1290 2219 verterit,
1345 2148 1709 2233 regnante
1743 2127 2079 2204 'lhildan
2113 2124 2537 2229 Srongdsan

376 2255 524 2353 629
565 2291 652 2307 -
690 2256 838 2351 698
890 2280 965 2356 Ρ.
1003 2252 1184 2327 Chr.

569 2374 803 2450 Haud
866 2376 1121 2453 minus
1187 2375 1472 2450 incerta
1537 2389 1752 2462 sunt,
1823 2398 2026 2475 quae
2074 2371 2172 2447 de
2239 2373 2535 2475 reliqua

373 2495 550 2576 eius
583 2501 782 2575 vitae
845 2498 1068 2576 condi
1082 2499 1315 2574 tione>
1350 2496 1789 2573 traduntur.
1823 2481 1826 2490 ¹
1888 2497 2006 2570 De
2053 2494 2216 2569 eius
2263 2519 2534 2597 paren-

373 2621 578 2698 tibus
628 2640 785 2698 tam
835 2647 1111 2727 parum
1163 2637 1485 2709 constat,
1535 2616 1648 2710 {ut
1697 2616 1884 2694 adeo
1945 2616 2249 2691 divinae
2310 2614 2537 2716 origi-

378 2741 497 2816 nis
530 2765 680 2817 esse
728 2741 1225 2846 perhibeatur
1277 2737 1355 2832 e).
1419 2739 2059 2842 Sringagirensem
2106 2763 2285 2813 eum
2334 2765 2537 2813 nun-

371 2880 609 2963 cupat
652 2862 1026 2965 Taylorus
1074 2858 1364 2957 (Dedic-
1406 2885 1482 2964 Ρ.
1520 2857 1688 2953 V.);
1738 2877 1973 2962 atque
2021 2860 2170 2936 hoe
2215 2859 2564 2964 quidem—

374 3003 668 3059 certum
726 3002 874 3069 est,
951 3008 1130 3060 eum
1177 2983 1337 3057 illie
1389 2981 1726 3057 scholam
1777 2983 2197 3060 condidisse
2259 3011 2559 3086 magna·

370 3104 572 3179 fama
602 3103 1046 3209 praeditam.
1100 3103 1403 3180 Wilson
1421 3103 1666 3178 Maek.
1694 3103 1883 3179 coll.
1917 3109 2026 3194 ΙΙ,
2081 3133 2154 3209 Ρ.
2190 3108 2531 3183 LXXIV.

371 3252 451 3329 Ρ.
485 3233 631 3322 54,
681 3235 916 3332 Ρ.7ἰ.
967 3231 1045 3316 1,
1096 3253 1170 3329 p.
1218 3231 1432 3320 3¹4·›
1503 3224 1643 3299 ubi
1691 3225 1926 3301 etiam
1978 3227 2258 3327 templa
2305 3253 2534 3329 quae-

371 3346 550 3422 dam
587 3350 1023 3424 exstruxisse
1070 3365 1149 3422 et
1196 3348 1274 3421 in
1322 3346 1517 3420 urbe
1555 3348 1854 3422 Kauchi
1904 3346 2169 3423 obiisse
2220 3348 2529 3425 dicitur.

368 3465 921 3545 Malabaricum
986 3467 1205 3543 misse
1269 3466 1520 3544 obiter
1565 3465 1755 3543 dicit
1804 3469 2198 3547 Wilsouus
2244 3469 2528 3577 (praef-

368 3591 730 3693 p.xv1.).
809 3590 1247 3699 Magistrum
1284 3577 2274 3685 habuitssovindanatham,
2319 3595 2531 3699 quod

643 3776 747 3786 ..un-—
758 3776 914 3787 ,σιω-κα
925 3779 956 3787 σ-

448 3892 511 3969 e)
557 3897 858 3958 Madhava
906 3901 964 3957 in
1005 3896 1455 3979 Sancaravijaya
1518 3898 1678 3978 apud
1728 3895 2192 3957 Colebrookiu'm
2230 3897 2342 3960 As.
2390 3899 2525 3961 Res·

612 4004 762 4062 vlu
793 4049 806 4076 ‚
854 4025 911 4084 p.
947 4002 1086 4086 467.
1130 4006 1606 4065 lucarnatiouem
1623 4004 1801 4066 Sivae
1831 4027 1966 4067 eum
1999 4004 2320 4088 appellant:
2364 4004 2522 4065 Wil-

613 4132 719 4174 son
756 4110 956 4178 Mack.
991 4109 1142 4179 coll,
1185 4112 1246 4187 1,
1292 4134 1351 4195 p.
1394 4112 1531 4192 διά.
