2964 4737
1164 282 1323 363 .-
1439 310 1574 401 ¹89
1674 348 1774 362 .-

418 497 606 571 olim
658 516 736 572 et
802 527 1014 574 nunc
1079 498 1368 574 blando
1422 525 1554 572 ore
1606 496 2075 601 praedicavit
2124 516 2201 572 et
2253 497 2612 600 imperio-

408 622 563 696 sius
628 619 1052 722 aliquando
1122 619 1622 724 praedicabit.
1727 620 2040 694 Habent
2112 639 2365 694 tamen
2434 619 2613 692 Indi

404 742 803 845 quandam
854 743 1134 818 erroris
1182 744 1295 818 sui
1352 743 1975 826 excusationem,
2031 743 2215 844 quia
2270 770 2427 817 non
2482 769 2618 817 no-

411 882 603 939 runt
654 866 1027 967 evangelii
1069 866 1426 967 gratiam.
1532 863 1748 961 Quid
1789 863 2076 939 mirum
2114 866 2321 939 enim
2366 864 2614 938 homi·

409 1013 586 1063 nem
614 1014 1023 1093 paganum,
1053 985 1332 1062 summi
1374 986 1719 1060 numinis
1753 974 2002 1060 ideam
2031 987 2406 1062 abstracte
2431 1013 2609 1059 con-

411 1114 962 1216 templantem,
1030 1109 1232 1184 nihil
1287 1126 1595 1212 praeter
1646 1108 1842 1184 illud
1899 1133 2049 1184 esse
2099 1135 2308 1214 posse
2361 1108 2612 1183 existi-

410 1236 666 1310 mare?
731 1232 1007 1307 veritas
1056 1257 1236 1307 eum
1291 1260 1452 1307 non
1508 1231 1804 1320 docuit,
1858 1232 2116 1306 Deum
2165 1256 2428 1307 amore
2475 1256 2614 1306 suo

410 1341 713 1458 aliquid
785 1372 1090 1459 praeter
1131 1380 1207 1429 se
1262 1379 1549 1458 ponere
1602 1380 1847 1458 posse,
1925 1353 2140 1457 quod
2208 1355 2428 1431 nullo
2473 1381 2614 1433 suo

415 1479 588 1552 iure
660 1478 950 1557 existat.
1051 1479 1226 1552 Non
1296 1477 1849 1552 intellexerunt
1914 1477 2274 1577 antiquas
2339 1496 2419 1553 et
2483 1478 2618 1551 ob-

413 1627 670 1677 scuras
727 1598 1175 1676 traditiones
1229 1597 1323 1672 de
1373 1598 1540 1673 Deo
1596 1599 1852 1681 trino,
1926 1595 2021 1672 de
2074 1599 2236 1673 filio
2304 1617 2619 1674 aeterno

411 1744 489 1802 et
538 1723 982 1826 unigenito,
1053 1720 1241 1824 quia
1309 1720 1563 1796 filium
1632 1720 2125 1795 incarnatum
2175 1748 2335 1795 non
2400 1721 2622 1795 audi-

414 1866 735 1937 verunt,
785 1864 864 1922 et
914 1842 1087 1920 ideo
1139 1868 1339 1945 quae
1390 1862 1502 1918 est
1551 1861 1859 1918 aeterna
1896 1843 1981 1917 in
2004 1844 2167 1919 Deo
2203 1844 2616 1946 generatio,

414 1997 503 2047 ea
568 1968 957 2047 mundum
1023 1964 1353 2072 produci
1421 1966 1872 2070 opinantur.
1987 1969 2162 2045 Non
2231 1969 2620 2043 intellexe-

417 2110 612 2166 runt
663 2091 1036 2193 originale
1069 2089 1409 2164 hominis
1454 2108 1858 2192 peccatum
1900 2106 1978 2164 et
2013 2092 2404 2166 salvatoris
2445 2121 2619 2196 pro-

414 2215 895 2302 missionem,
973 2210 1102 2286 sed
1152 2235 1227 2285 se
1290 2229 1571 2285 natura
1622 2211 1768 2284 Dei
1822 2212 2019 2285 filios
2071 2211 2224 2287 iam
2276 2239 2425 2288 esse
2477 2242 2624 2318 pu-

419 2355 727 2427 tarunt,
795 2334 1010 2440 quod
1060 2332 1503 2438 adoptionis
1573 2334 1815 2436 gratia
1878 2332 2192 2411 demum
2243 2336 2621 2413 efficieba-

422 2478 572 2537 tur.
677 2459 1126 2540 sentiebant
1175 2456 1501 2543 quidem
1545 2455 1644 2530 ad
1695 2456 2300 2543 cognoscendam
2350 2459 2622 2534 verita-
