2964 4737
1262 332 1360 348 ····
1471 320 1604 367 102
1705 333 1808 351 ¹-

341 548 345 560 »
439 496 592 572 Hic
641 493 725 570 in
776 505 1088 570 aeterno
1155 510 1344 592 gyro
1411 513 1561 561 non
1610 502 1721 562 est
1784 486 2043 561 ullum
2108 505 2423 584 quoque
2485 504 2641 555 non

412 618 723 718 factum
772 639 947 707 ens;
1002 634 1263 687 omnes
1304 609 1517 684 enim
1565 603 1845 681 mundi
1898 628 2134 709 opere
2185 601 2486 678 conditi
2535 621 2638 692 et,

437 738 625 840 quia
691 759 923 837 opere
971 731 1368 837 producti,
1444 757 1604 829 non
1671 725 1964 801 aeterni
2027 741 2246 817 sunt3
2317 751 2478 798 nou
2527 741 2643 799 est

438 857 744 960 aliquid
793 875 1236 943 aeternum,
1300 853 1490 926 haec
1539 870 1650 926 est
1695 846 2093 925 sententia.
2145 886 2250 906 --
2295 846 2453 945 Ego
2503 871 2643 918 au·-

443 1000 598 1057 tem
649 998 1087 1061 aeternum,
1139 976 1629 1062 immortale
1674 969 2194 1077 impavidum,
2247 991 2641 1054 securum,

439 1103 840 1181 immobile
888 1120 966 1177 et
1017 1100 1331 1175 firmum
1396 1095 1799 1178 desidero,
1859 1120 2018 1167 non
2086 1087 2274 1162 huie
2339 1105 2642 1161 contra·

439 1226 690 1319 ri-um3
778 1223 974 1326 quid
1044 1221 1286 1324 igitur
1352 1218 1628 1292 faciam
1665 1219 1936 1316 facte,
2011 1236 2242 1315 opere
2295 1212 2643 1284 multum

441 1348 791 1423 laborem
863 1345 1308 1447 requirente
1378 1359 1458 1414 et
1533 1338 1906 1414 damnum
1981 1334 2474 1441 perficiente?
2538 1367 2642 1388 -·
2756 1384 2769 1392 -

440 1465 590 1541 hac
655 1465 1115 1568 cogitatione
1179 1461 1661 1564 aequanimis
1728 1459 1973 1532 factus
2020 1455 2126 1527 ad
2191 1479 2645 1554 cognoscen-

442 1579 620 1652 dum
655 1633 679 1662 ,
751 1584 1116 1652 distincte
1180 1579 1775 1680 percipiendum
1843 1576 2104 1647 locum
2176 1573 2366 1666 (ens)
2435 1577 2643 1647 illum

443 1697 963 1805 impavidum,
1032 1699 1368 1786 felicem,
1444 1724 1604 1772 non
1672 1696 1999 1782 factum,
2068 1711 2503 1784 aeternum,
2575 1701 2645 1770 is

444 1820 949 1921 aequanimis*
993 1818 1422 1893 Brahmana
1493 1816 1590 1891 ad
1659 1822 2137 1912 magistrum,
2213 1814 2643 1906 doctorem,

446 1939 929 2016 restrictione
977 1967 1337 2018 sensuum
1381 1957 1458 2014 et
1508 1929 1822 2013 caeteris
1874 1935 2293 2011 virtutibus
2338 1937 2646 2040 'praedi-

448 2081 619 2138 tum
694 2061 1074 2137 accedat.“
1204 2063 1392 2136 Eius
1471 2060 2005 2163 interpretatio
2084 2059 2234 2133 loci
2311 2057 2646 2135 difficilis

447 2182 647 2258 mihi
698 2182 1017 2287 quidem
1069 2212 1228 2259 non
1280 2210 1452 2258 vera
1495 2206 1645 2258 esse
1683 2183 1993 2257 videtur
2008 2214 2030 2275 3
2079 2179 2210 2255 sed
2251 2180 2400 2257 hoc
2439 2182 2645 2257 nihil

449 2304 551 2381 ad
596 2333 758 2383 rem
772 2339 793 2403 3
831 2306 1441 2383 Vedanticorum
1480 2294 1917 2382 doctrinam*
1952 2305 2242 2409 optime
2276 2303 2646 2408 exposuit.

448 2430 864 2531 Egregium
914 2428 1151 2504 huius
1183 2430 1546 2531 puritatis
1572 2430 2007 2532 exemplum
2048 2428 2268 2503 nobis
2286 2428 2648 2504 Cathaca-

452 2550 903 2657 Upanishad
972 2553 1058 2627 in
1119 2552 1607 2662 Nachicetase
1673 2552 2093 2654 proponit,
2179 2550 2319 2652 qui
2386 2572 2649 2625 omnes

453 2673 761 2749 divitias
856 2691 935 2748 et
1019 2676 1449 2776 voluptates
1545 2701 1587 2746 a
1668 2671 1943 2749 Yama'
2012 2674 2160 2748 sibi
2253 2674 2650 2776 promissas

455 2795 681 2867 firmo
706 2794 967 2867 animo
990 2812 1449 2895 aspernatur
1478 2794 1873 2895 solamque
1911 2796 2308 2869 veritatem
2341 2795 2647 2895 expetit.

456 2916 965 3017 Cathpwz
1040 2914 1266 3012 l..17
1356 2908 2654 3106 ἳᾶἦὶπῦτπῑπῦζῆᾶῆπῦειῆπτῗ

453 3027 2550 3131 πῑπῐῖπέτπιιπΐῆειέὶεῆίὲιῆπηηειῆέιειᾶ-ιῖιπῖπτῆπυ

453 3153 2655 3255 ἓὲπππηῆῶᾞωῗῦπιηῑιὲιῆπῑιῖτὲπεεπιῑῆιέτωπῇ

456 3278 848 3368 πιᾶῇῐέωπῆ
912 3283 987 3352 ”nir
1057 3302 1221 3378 ειῖῦῐ
1285 3275 1333 3349 ἓῐ
1394 3277 1631 3376 affin:
1707 3305 1758 3352 a
1825 3306 1919 3382 ρει
1972 3312 1997 3352 ιι
2083 3304 2425 3375 „utrum
2493 3306 2659 3357 cras

461 3421 735 3483 erunt,
813 3424 955 3514 neo
1006 3426 1106 3475 ne
1160 3401 1340 3474 illae
1389 3404 1818 3506 voluptates
1881 3404 2030 3498 (sic
2083 3345 2663 3509 interpretatur

462 3524 791 3595 Sancara
842 3519 1074 3595 schol.
1131 3548 1203 3623 p.
1245 3525 1368 3610 26,
1424 3523 1474 3595 l.
1526 3520 1699 3613 ιι),
1784 3523 2171 3632 incertum
2221 3548 2365 3621 est,
2443 3556 2486 3602 o
2533 3526 2662 3601 de-

461 3659 799 3717 structor
864 3640 1313 3714 mortalium
1387 3638 1861 3740 (alloquitur
1908 3647 2236 3719 Yamam
2297 3647 2663 3722 Naehiee-

467 3760 658 3854 tas);
737 3788 1118 3838 senescere
1195 3763 1498 3836 faciunt
1580 3762 1794 3837 hunc
1866 3791 2230 3846 sensuum
2294 3769 2660 3870 vigorem.

466 3884 739 3958 Omnis
787 3885 941 3958 vita
994 3911 1227 3988 parva
1279 3901 1389 3956 est
1440 3882 1720 3975 (eti-am
1771 3887 2376 3965 innumerabiles
2427 3890 2663 3964 Brab-

467 4008 716 4086 man-is
765 4005 1020 4102 anni),
1072 4035 1348 4085 currus
1399 4009 1557 4100 tui,
1611 4011 2158 4088 saltationes'et
2191 3992 2477 4089 cantas·
2510 4010 2659 4107 tui3
