2964 4737
1362 348 1847 452 ÷38—

521 559 595 614 et
668 539 1066 644 obtegendi
1141 541 1381 640 forma
1454 541 1538 631 in
1613 541 1902 615 vivente
1969 537 2227 611 animo
2292 521 2699 638 ⁸cogita-nte

522 664 899 739 illustrato
951 689 1455 750 commorans,
1512 663 1863 763 obtegens
1913 660 2279 739 viventem
2331 677 2411 734 et
2453 685 2718 749 mun-A

413 799 493 872 4ο
521 785 703 861 dum
789 789 1074 891 priores
1155 806 1577 891 praesentes
1661 784 1898 861 videri
1984 784 2185 858 facit.
2243 870 2246 871 7
2336 777 2693 881 Uterque

515 906 895 998 (mundus
942 928 1018 983 et
1067 910 1365 1001 vivens)
1414 907 1513 982 ad
1569 926 1861 1010 tempus
1909 905 2406 1010 praeteritum
2447 904 2688 1005 perti·
2739 898 2756 911 ⁹

518 1047 700 1131 net,
786 1029 969 1131 quia
1061 1029 1144 1103 in
1226 1030 1517 1103 vivente
1599 1028 2045 1128 imaginario
2119 1045 2684 1116 commoratur-3

516 1179 674 1226 non
744 1154 952 1228 enim
1018 1154 1101 1226 in
1161 1180 1422 1228 somno
1508 1151 1767 1225 denuo
1832 1169 2184 1254 apparet,
2271 1149 2330 1223 si
2397 1146 2573 1248 quis
2639 1172 2684 1219 e

408 1288 479 1367 4¹
515 1301 775 1349 somno
825 1275 1382 1378 expergefactus
1431 1274 1687 1350 fuerit.
1765 1273 2067 1351 ‚Vivens
2131 1273 2260 1347 ille
2309 1270 2681 1371 imagina-

515 1396 675 1468 rius
722 1394 934 1468 hunc
985 1395 1365 1470 mundum
1419 1396 1956 1497 imaginarium
2014 1394 2288 1468 realem
2338 1419 2483 1468 esse
2532 1421 2680 1496 pu-

408 1534 486 1613 42
517 1534 660 1599 tat,
731 1516 926 1590 alius
990 1541 1168 1591 vero
1236 1518 1522 1591 activus
1574 1517 1866 1590 falsum.
1982 1515 2262 1589 Vivens
2313 1514 2443 1588 ille
2491 1515 2678 1588 acti-

512 1663 646 1711 vus
715 1635 927 1709 hunc
997 1636 1376 1711 mundum
1435 1637 1779 1711 activum
1841 1636 2131 1725 realem
2198 1662 2345 1710 esse
2413 1656 2673 1740 putat,

405 1771 486 1847 45
514 1760 708 1831 alius
773 1783 947 1832 vero
1019 1759 1240 1837 realis
1305 1758 1599 1832 falsum.
1749 1758 2032 1833 Vivens
2101 1760 2231 1835 ille
2291 1760 2515 1833 realis
2574 1761 2673 1834 ad

514 1883 792 1959 realem
842 1906 1018 1954 cum
1081 1879 1507 1954 Brahmane
1572 1881 1948 1956 unitatem
2014 1881 2395 1983 pervenit5
2457 1880 2673 1971 aliud

512 2002 703 2102 quid
770 2030 928 2081 non
1003 2000 1512 2103 conspicitur,
1594 2004 2066 2106 conspicitur
2142 2002 2673 2077 tantummodo

404 2138 486 2217 44
513 2125 770 2203 animo
820 2123 1026 2197 falso.
1129 2122 1796 2237 Quemadmodum
1843 2127 2196 2218 suavitaS,
2248 2124 2670 2226 liquiditas,

510 2240 753 2346 frigus
783 2263 1028 2321 caetei
1031 2271 1268 2346 aeque
1300 2247 1704 2348 qualitates
1735 2272 1977 2348 aquae
2007 2246 2090 2323 in
2122 2247 2411 2322 undam
2443 2269 2672 2341 transf

510 2396 809 2471 gressae
855 2372 1083 2470 etiam
1136 2374 1218 2445 in
1282 2397 1632 2475 spumam
1694 2371 2393 2475 transgrediuntur,
2473 2399 2669 2474 quae

401 2504 484 2584 45
513 2496 596 2569 in
648 2494 858 2572 unda
909 2515 1053 2586 est;
1186 2494 1448 2572 eadem
1482 2495 1778 2592 ratione
1826 2496 2229 2595 qualitates
2276 2494 2665 2588 existendi,

511 2619 893 2720 cogitandi
946 2638 1021 2693 et
1069 2620 1489 2709 felicitatis,
1541 2646 1739 2722 quae
1790 2620 1875 2693 in
1928 2625 2105 2695 teste
2151 2638 2376 2712 sunt,
2429 2620 2513 2694 in
2562 2620 2666 2694 vi-

509 2757 729 2813 vente
779 2741 1022 2815 activo
1072 2740 1523 2841 conspicuae
1572 2766 1729 2843 per,
1758 2767 1935 2814 eum
1980 2741 2063 2814 in
2130 2740 2662 2842 imaginarium

402 2880 483 2958 46
514 2860 1200 2963 transgrediuntur.
1353 2857 1758 2957 Quomodo
1835 2889 2102 2966 spuma
2189 2881 2662 2938 evanescente

508 2986 910 3085 qualitates
952 2986 1410 3087 liquiditatis
1439 3006 1611 3078 etc„
1663 3014 1859 3088 quae
1895 2989 1976 3062 in
2011 3016 2095 3063 ea
2127 3008 2658 3093 apparuerant,

400 3120 476 3202 [¹7
510 3109 592 3182 in
644 3134 843 3209 aqua
893 3127 1111 3196 sunt,
1157 3127 1247 3183 ut
1296 3128 1564 3203 antea3
1676 3112 1782 3184 sic
1829 3112 2233 3212 qualitates
2280 3111 2657 3199 existendi,

505 3228 890 3333 cogitandi
961 3247 1039 3305 et
1099 3229 1481 3305 felicitatis
1536 3252 2016 3308 evanescente
2080 3231 2533 3334 imaginario
2581 3231 2658 3305 in

507 3355 748 3427 activo
799 3368 1018 3439 sunt,
1091 3368 1168 3427 et
1232 3348 1376 3426 hoc
1430 3377 1743 3456 quoque
1806 3373 2287 3432 evanescente
2340 3354 2419 3429 in
2488 3372 2686 3430 teste

507 3490 979 3575 meiguntur.
