2964 4737
1182 356 1281 372 --
1393 318 1530 408 139
1637 351 1732 368 -·-
1824 318 1829 327 ’”

368 531 480 590 est
533 516 766 588 lunae
835 510 1075 585 ruber
1124 511 1370 599 color,
1450 511 1512 585 is
1580 511 1901 586 luminis
1949 510 2164 584 color
2214 527 2358 592 est,
2430 510 2571 610 qui

370 638 629 727 albus,
682 636 745 709 is
773 660 1207 734 aquarum,
1257 633 1393 734 qui
1440 633 1677 735 niger,
1731 635 1792 707 is
1836 632 2328 723 nutrimenti3
2381 631 2577 705 abiit

370 761 663 835 lunitas
711 786 755 834 a
806 760 997 834 luna
1048 756 1437 859 verboque
1499 774 1806 832 tantum
1854 757 2120 831 effecta
2167 771 2244 829 et
2295 781 2577 827 nomen

374 881 704 958 mutatio
754 898 901 972 est,
970 906 1055 955 re
1105 904 1282 954 vera
1336 897 1594 955 tamen
1648 898 1798 956 tres
1846 880 2136 955 colores
2182 877 2322 951 soli
2375 894 2577 950 sunt.

377 1003 534 1100 Qui
591 1020 704 1078 est
751 1001 1083 1104 fulguris
1132 1001 1372 1076 ruber
1420 1002 1654 1090 color,
1709 1001 1770 1075 is
1817 998 2138 1074 luminis
2186 998 2398 1071 color
2447 1015 2576 1086 est,

376 1125 519 1227 qui
572 1124 827 1214 albus,
882 1126 945 1198 is
983 1149 1403 1226 aquarum,
1456 1124 1597 1225 qui
1651 1121 1901 1224 niger,
1960 1123 2022 1196 is
2073 1122 2536 1198 nutrimenti
2554 1156 2580 1212 ‚-

380 1246 578 1321 abiit
629 1246 1040 1347 fulguritas
1087 1271 1133 1317 a
1185 1243 1534 1344 fulgure,
1610 1242 2001 1346 verboque
2053 1261 2359 1319 tantum
2405 1243 2586 1317 effe-

329 1428 338 1440 ,
382 1387 505 1444 cta
555 1386 634 1443 et
684 1392 967 1443 nomen
1017 1350 1345 1442 mutatio
1380 1383 1509 1456 est,
1568 1390 1650 1440 re
1683 1390 1854 1439 vera
1897 1384 2153 1441 tamen
2202 1385 2350 1442 tres
2388 1368 2584 1441 colo·

385 1518 506 1566 res
552 1490 693 1565 soli
742 1507 945 1564 sunt.
1046 1490 1272 1563 Hanc
1319 1487 1421 1560 ob
1474 1513 1814 1561 caussam
1863 1487 2234 1562 dixerunt
2295 1489 2586 1591 priores

381 1612 797 1716 sapientes,
851 1607 1109 1709 magni
1162 1607 1744 1712 patresfamilias
1782 1627 1860 1685 et
1910 1610 2168 1710 magni
2208 1609 2582 1685 doctores:

388 1764 548 1811 non
600 1735 943 1838 profecto
982 1733 1205 1807 nobis
1270 1759 1481 1806 nunc
1517 1732 1800 1832 aliquis
1845 1735 2312 1836 pronunciet
2359 1732 2586 1834 quid-

386 1884 625 1963 quam
675 1884 836 1932 non
887 1856 1283 1946 auditum,
1339 1884 1498 1931 non
1553 1856 2009 1957 cogitatum,
2082 1884 2243 1932 non
2290 1857 2590 1932 intelle-

388 2003 625 2058 ctum.
728 1981 1134 2057 Sciverunt
1183 1978 1393 2053 enim
1433 2006 1524 2051 ex
1564 1980 1716 2053 illis
1753 1979 2207 2054 numinibus
2224 2013 2244 2073 3
2287 1978 2349 2073 si
2393 1978 2589 2083 quid

392 2128 673 2205 nempe
737 2102 955 2205 quasi
1011 2103 1347 2174 rubrum
1397 2120 1616 2190 esset,
1686 2103 2075 2177 sciverunt
2149 2099 2385 2176 illud:
2458 2102 2590 2176 hio

395 2223 717 2298 luminis
766 2223 983 2297 color
1031 2241 1179 2314 est3
1231 2223 1290 2296 si
1344 2224 1543 2323 quid
1594 2227 1812 2326 quasi
1864 2227 2135 2300 album
2185 2244 2401 2315 esset,
2456 2225 2594 2299 sci-

396 2364 681 2423 verunt
753 2344 993 2422 illud:
1075 2346 1205 2422 hic
1280 2371 1664 2450 aquarum
1738 2351 1950 2424 color
2017 2367 2163 2442 est3
2260 2351 2322 2424 si
2398 2349 2594 2452 quid

393 2470 615 2571 quasi
687 2470 1001 2571 nigrum
1067 2490 1291 2560 esset,
1358 2473 1747 2546 sciverunt
1813 2470 2047 2544 illud:
2137 2471 2265 2544 hic
2332 2472 2595 2544 nutri-

395 2592 643 2667 menti
694 2592 908 2668 color
956 2611 1105 2687 est3
1169 2611 1306 2667 aut
1354 2592 1414 2667 si
1468 2589 1664 2693 quid
1717 2619 1878 2666 non
1927 2593 2323 2692 cognitum
2375 2609 2596 2681 esset,

395 2714 787 2789 sciverunt
851 2713 1087 2790 illud:
1169 2712 1355 2786 haec
1418 2712 1735 2786 illorum
1804 2711 2223 2786 numinum
2276 2713 2601 2784 coniun-

396 2837 552 2912 ctio
601 2855 730 2914 est.
837 2834 1249 2932 Quomodo
1317 2861 1529 2926 vero,
1592 2862 1638 2910 o
1691 2834 1936 2919 bone,
2016 2835 2202 2910 haec
2256 2834 2404 2909 tria
2460 2862 2601 2908 nu-

399 2960 650 3047 mina,
728 2958 1126 3034 hominem
1205 2959 1538 3058 ingressa
1614 2959 1951 3060 triplicia
2028 2959 2268 3048 fiunt,
2342 2958 2601 3035 hoca

403 3106 527 3161 me
579 3078 856 3155 disce.“
956 3086 1051 3155 In
1102 3081 1349 3155 tribus
1397 3079 1896 3181 sequentibus
1944 3079 2410 3153 sectionibus
2463 3081 2605 3153 hu-

404 3201 617 3282 mani
684 3201 1029 3304 corporis
1101 3202 1299 3277 ratio
1351 3202 1452 3277 ad
1505 3203 1693 3277 haec
1748 3203 1896 3277 tria
1949 3202 2324 3274 elementa
2374 3226 2621 3303 expov

406 3326 666 3416 nitur3
743 3324 1015 3398 omitto
1071 3325 1409 3426 reliqua,
1490 3327 1641 3399 iam
1694 3341 2250 3429 praeoccupata
2303 3351 2346 3398 a
2390 3325 2602 3396 Cole-

405 3445 727 3521 brookio
779 3444 1067 3539 (Trans.
1105 3446 1211 3535 ΙΙ,
1270 3472 1343 3549 p.
1383 3454 1475 3540 24
1497 3443 1660 3540 fin.)
1677 3480 1697 3539 3
1753 3465 2144 3522 teneamus
2194 3445 2275 3520 id
2324 3447 2600 3532 solum,

408 3584 746 3641 mentem
792 3564 961 3663 (tras)
996 3569 1478 3643 nutrimento
1524 3568 1980 3673 respondere
2010 3595 2254 3670 eoque
2292 3570 2606 3655 nutriri,

408 3690 907 3794 spirationem
958 3692 1209 3793 aquis,
1262 3717 1520 3766 vocem
1574 3692 1878 3765 lumini.
1935 3737 2036 3752 —
2114 3694 2298 3765 Tria
2348 3712 2606 3768 autem

412 3815 498 3888 in
550 3814 719 3888 loco
770 3814 906 3890 illo
957 3817 1373 3919 praecipue
1425 3816 1889 3891 observanda
1940 3836 2157 3891 sunt:
2215 3803 2469 3919 primo
2522 3816 2608 3890 in

411 3939 578 4016 Deo
629 3936 944 4011 creandi
998 3936 1461 4012 desiderium
1513 3937 1742 4026 oriri,
1816 3936 2095 4012 deinde
2140 3940 2609 4014 creationem

415 4062 666 4140 verbis
736 4058 970 4150 effici,
1051 4058 1279 4134 tertio
1349 4059 1605 4134 Deum
1672 4083 1821 4138 esse
1892 4076 2047 4146 tam
2119 4058 2605 4145 efficientem,
