2964 4737
1115 1087 1502 1162 CAPUT
1572 1089 1704 1162 III.

607 1289 1009 1342 DOCTRINAE
1054 1293 1493 1343 VEDANTchE
1539 1291 1784 1341 BREvls
1833 1288 2218 1339 Exposn'm.

319 1732 427 1836 In
477 1755 830 1833 doctrina
857 1757 1288 1834 Vedantica
1342 1755 1794 1860 exponenda
1845 1754 2146 1831 facilius
2181 1772 2309 1845 est,
2365 1778 2520 1826 me-

320 1876 610 1962 hercle,
683 1882 1074 1983 prolixum
1142 1907 1325 1974 esse,
1395 1909 1635 1982 quam
1713 1881 2017 1953 brevem
2086 1898 2162 1954 et
2225 1876 2524 1952 succin-

323 2017 572 2092 ctum3
662 2028 842 2075 nam
904 2004 966 2078 si
1051 2003 1392 2103 sequaris
1473 1999 2087 2076 Vedanticorum
2179 2001 2522 2102 ipsorum

322 2118 773 2222 disputandi
826 2126 1233 2213 rationem,
1287 2125 1515 2196 facile
1567 2126 1915 2199 incurres
1967 2124 2047 2197 in
2100 2123 2524 2224 loquacita-

323 2242 422 2316 tis
468 2243 1139 2345 reprehensionem
1156 2278 1177 2338 3
1228 2246 1355 2318 vix
1402 2247 1614 2319 enim
1664 2266 1777 2321 est
1823 2245 2235 2319 hominum
2285 2268 2524 2345 genus

318 2363 408 2438 in
462 2365 764 2470 placitis
810 2365 966 2440 suis
1014 2363 1465 2439 enarrandis
1543 2382 1699 2439 tarn
1769 2364 2180 2450 disertum,
2261 2363 2345 2435 in
2402 2362 2526 2435 iis-

320 2483 496 2558 dem
574 2511 874 2590 semper
955 2487 1761 2588 argumentationibus
1850 2482 2284 2588 repetendis
2366 2502 2524 2556 tam

320 2604 925 2709 indefatigabile.
1028 2611 1466 2683 Brevissime
1537 2626 1797 2682 autem
1851 2634 1986 2682 nos
2043 2607 2190 2681 hoc
2245 2608 2519 2681 relato-

323 2728 430 2803 ris
478 2731 724 2803 officio
775 2729 1092 2833 defungi
1146 2750 1224 2806 et
1276 2730 1509 2804 huius
1559 2730 1807 2803 libelli
1866 2729 2264 2826 arctissimi
2334 2728 2524 2801 fines

315 2849 643 2925 suadent
709 2870 788 2925 et
855 2852 1420 2955 perspicuitatis
1492 2850 1862 2925 studium.
1972 2855 2118 2924 Per
2166 2876 2240 2925 se
2309 2848 2520 2923 enim

319 2971 509 3047 haec
558 2971 911 3047 doctrina
962 2975 1284 3047 obscura
1336 2991 1478 3057 est,
1534 2998 1712 3044 cum
1753 2972 2007 3073 potius
2050 2973 2523 3076 contempla-

319 3094 565 3181 tione,
651 3119 890 3194 quam
965 3090 1501 3197 philosophica
1570 3088 2105 3192 disquisitione
2181 3093 2522 3184 nitatur3

318 3212 608 3320 pendet
663 3232 918 3289 tamen
986 3240 1078 3287 ex
1128 3214 1391 3317 paucis
1457 3209 1870 3313 dogmatis,
1948 3236 2148 3312 quae
2197 3211 2258 3286 si
2313 3232 2525 3287 recte

317 3337 896 3438 intelligantur,
949 3353 1193 3410 cetera
1246 3334 1510 3408 omnia
1567 3334 1781 3406 nulla
1834 3332 2345 3437 explicatione
2394 3334 2513 3409 in-

316 3456 608 3558 digent.
712 3459 975 3553 Quare
1028 3474 1265 3530 totam
1318 3453 1922 3556 disputationem
1977 3456 2060 3528 in
2116 3473 2264 3529 tres
2313 3458 2516 3532 locos

315 3576 589 3653 divisi:
709 3581 964 3683 primo
1047 3580 1306 3682 agitur
1385 3577 1482 3652 de
1565 3579 1963 3654 Vedantae
2064 3579 2519 3656 definitione

313 3719 395 3776 et
478 3725 745 3805 scop03
848 3701 946 3776 de
1025 3727 1244 3776 verae
1329 3700 1791 3803 cognitionis
1875 3698 2233 3775 subsidiis
2268 3759 2286 3790 ‚
2382 3731 2523 3777 na-

315 3841 494 3900 tura
542 3842 622 3899 et
668 3825 1035 3917 efficacia;
1090 3821 1371 3898 deiude
1420 3820 1517 3894 de
1557 3822 1722 3897 Deo
1773 3824 2091 3926 eiusque
2140 3823 2242 3898 ad
2292 3853 2521 3903 mun-

225 3983 230 3988 ·
316 3943 508 4023 dum
556 3944 898 4039 ratione3
971 3945 1198 4020 tertio
1262 3943 1358 4017 de
1422 3943 1751 4018 humani
1818 3945 2062 4019 animi
2117 3972 2293 4021 cum
2351 3950 2517 4024 Deo

315 4065 617 4147 unitate
650 4084 885 4172 atque
919 4065 1014 4142 de
1057 4065 1263 4142 varia
1315 4066 1520 4156 eius,
1574 4063 1767 4141 dum
1816 4091 2137 4172 corpore
2191 4070 2514 4147 indutus
