2964 4737
1238 358 1330 376 -
1445 327 1777 396 126-

417 517 769 595 definitio
822 515 1158 592 durante
1224 518 1380 593 vita
1451 517 1763 594 liberati
1836 518 2329 622 proponitur.
2451 517 2618 593 Du·
2688 572 2705 588 .

410 659 640 717 rante
689 641 845 714 vita
896 640 1267 713 liberatus
1314 658 1425 714 est
1465 640 1808 714 Brahma
1858 665 2347 740 cognoscens,
2397 664 2619 742 expe-

415 760 623 836 ditus
675 760 1419 841 omnibus‚vinculis
1469 780 1793 864 propter
1844 758 2443 835 destructionem
2498 764 2617 837 in·

411 884 793 969 scientiae,
851 882 1013 956 eius
1052 883 1383 971 effectuS,
1432 908 1755 985 operum
1789 901 2434 986 perpetratorum,
2474 881 2618 957 du-

407 1005 844 1092 bitationiS,
901 1030 1431 1108 perversarum
1469 1005 1935 1107 opinionum
1986 1023 2125 1079 etc.
2178 997 2505 1095 (ffiufizst
2472 1027 2621 1092 ζῑῐ-

407 1130 1104 1224 Ἦπητῐῗιπιππῗῇῆπῐ·
1159 1129 1450 1199 Rama·
1466 1125 1793 1199 Crishna
1845 1122 2198 1228 p.128.)‚
2269 1127 2330 1199 si
2381 1128 2617 1201 Bnah-

399 1278 579 1337 ma,
664 1271 944 1324 natuia
1008 1275 1142 1324 sua
1220 1248 1674 1340 indivisum,
1763 1248 2259 1323 manifestum
2321 1249 2618 1325 factum

415 1391 529 1446 est
581 1399 720 1476 per
768 1372 1291 1473 cognitionem
1340 1369 1820 1479 Brahmanis,
1891 1391 2177 1445 natura
2225 1397 2361 1446 sua
2412 1372 2620 1448 iudi-

415 1496 552 1569 visi
605 1513 681 1568 et
733 1495 949 1597 puri,
1041 1519 1243 1594 quae
1310 1493 1593 1596 incipit
1638 1520 1684 1567 a
1736 1491 2188 1568 Brahmanis
2255 1494 2618 1596 ignoran—

416 1617 567 1692 tiae
639 1615 1182 1693 destructione·
1293 1615 1746 1691 Secundum
1819 1618 2075 1693 locum
2145 1619 2612 1721 scripturae:

402 1739 747 1815 finditur
816 1739 1064 1815 nodus
1130 1738 1415 1827 cordis,
1495 1741 1909 1814 solvuntur
1977 1766 2239 1814 omnes
2306 1740 2616 1817 dubita·

414 1861 661 1937 tiones
719 1861 1038 1960 eiusque
1108 1885 1342 1963 opera
1426 1877 1924 1947 evanescunt,
2007 1859 2165 1935 viso
2250 1887 2611 1965 supremo

407 1985 575 2060 illo.
694 1987 762 2056 Is
839 1981 1074 2055 etiam
1162 1999 1508 2084 tempore
1578 1979 2072 2085 perfectionis
2143 2008 2376 2086 opera
2445 2010 2614 2058 cor-

413 2129 605 2209 pore
678 2117 787 2175 ex·
846 2125 1077 2175 carne
1111 2157 1131 2190 ,
1208 2101 1635 2203 sanguine,
1712 2102 1983 2189 urina,
2061 2101 2403 2179 faecibus
2465 2124 2610 2181 etc.

409 2224 879 2328 composito,
956 2224 1299 2299 sensibus
1346 2224 1738 2312 caecitati,
1814 2222 2162 2299 tarditati
2212 2244 2292 2302 et
2338 2226 2607 2303 debili·-

417 2347 555 2423 tati
622 2346 1016 2436 subiectis,
1088 2347 1399 2422 interno
1470 2375 1757 2448 organo
1825 2346 2049 2438 fami,
2106 2349 2285 2438 siti,
2361 2349 2612 2428 dolori

405 2488 498 2544 ,et
542 2467 922 2543 delusioni
979 2469 1354 2557 obnoxio,
1433 2485 1753 2571 propter
1804 2468 2006 2542 hanc
2054 2469 2360 2544 illamve
2411 2473 2617 2575 prio-

411 2616 581 2666 rem
649 2591 1282 2692 imaginationem
1356 2590 1655 2690 peragi,
1723 2607 1802 2663 et
1847 2589 2182 2678 fructus,
2249 2592 2391 2694 qui
2460 2594 2618 2670 iam

319 2803 334 2812 ὓ
416 2715 738 2789 initium
772 2738 1060 2816 cepere,
1112 2738 1155 2784 a
1191 2712 1632 2809 cognitione
1669 2739 1830 2786 non
1869 2712 2277 2815 impeditos
2315 2715 2613 2818 percipi

407 2837 703 2920 videat,
768 2854 1089 2938 propter
1141 2832 1742 2910 destructionem
1796 2863 1955 2910 non
2009 2838 2321 2911 realiter
2368 2837 2611 2933 videt3

415 2955 1110 3059 quemadmodum,
1180 2957 1320 3056 qui
1392 2955 1574 3031 scit:
1664 2956 1811 3031 hae
1873 2976 2056 3031 sunt
2126 2960 2610 3061 praestigiae,

415 3080 596 3153 licet
645 3078 1081 3183 praestigias
1131 3078 1300 3151 illas
1348 3077 1639 3166 videat,
1694 3095 1950 3151 tamen
1998 3105 2157 3153 non
2207 3080 2314 3153 sic
2363 3079 2612 3169 videt,

416 3220 509 3278 ut
562 3205 798 3278 reales
866 3227 1016 3276 esse
1077 3201 1551 3284 arbitretur3
1627 3199 2054 3275 secundum
2110 3202 2368 3276 locum
2416 3202 2612 3277 scri-

416 3346 726 3432 pturae:
781 3324 1133 3398 oculatus
1165 3322 1383 3423 quasi
1420 3323 1585 3396 sine
1623 3324 1867 3398 oculis
1903 3339 2034 3408 est,
2065 3350 2286 3398 aures
2322 3323 2617 3400 habens

414 3449 633 3550 quasi
683 3447 866 3520 sine¹
909 3445 1249 3519 auribus.
1350 3446 1830 3548 Dic-tumque
1894 3466 2004 3522 est
2070 3447 2215 3543 (ab
2283 3447 2615 3549 antiquo

414 3564 844 3669 magistro)z
915 3567 1054 3668 qui
1105 3567 1406 3666 vigilat,
1470 3568 1693 3669 quasi
1746 3569 1944 3644 bene
1993 3568 2414 3656 dormiens,
2487 3594 2617 3643 ne-

416 3714 574 3791 que
642 3687 837 3763 vidit
904 3688 1481 3792 duplicitatem,
1556 3715 1733 3777 seu,
1819 3715 2298 3793 quamquam
2366 3688 2613 3777 videt,

414 3810 628 3886 videt
671 3807 1202 3914 simplicitate,
1270 3812 1409 3912 qui
1463 3812 1631 3913 agit
1671 3831 1750 3887 et
1798 3835 1961 3888 non
2012 3814 2304 3888 activus
2355 3830 2501 3895 est,
2553 3813 2618 3887 is

411 3933 768 4009 animum
820 3931 1066 4020 novit,
1141 3957 1301 4006 non
1353 3932 1553 4006 alius
1616 3931 2041 4035 quispiam3
2115 3934 2225 4008 sic
2274 3952 2617 4008 statuen-

413 4055 680 4133 dum.“
729 4091 826 4113 —-
879 4057 1086 4131 Haec
1152 4052 1249 4136 de
1313 4054 1775 4155 cognitionis
1805 4109 1827 4138 ,
1906 4082 2146 4158 quam
2194 4053 2611 4134 Vedantici
