2964 4737
1312 392 1405 407 ·“··
1507 384 1634 428 vlu
1734 392 1829 411 ⁸-

496 581 699 654 dent.
753 585 943 656 Sunt
978 584 1208 665 enim,
1254 586 1388 685 qui
1427 585 1813 686 mysticam
1848 584 2290 690 sapientiam
2331 593 2649 694 pertaesi

494 720 738 792 ubivis
806 721 1145 794 locorum
1214 720 1418 824 apud
1478 741 1838 797 nostrates
1898 746 2167 826 mystas
2216 729 2447 803 latere
2495 732 2649 805 cla-

491 856 794 945 mitent,
863 885 1053 959 quos
1119 863 1177 935 si
1251 863 1856 961 interrogaveriS,
1936 892 2168 965 quam
2239 867 2645 943 hominum

492 997 781 1069 tribum
834 1002 1143 1072 nomine
1196 999 1329 1073 illo
1380 1001 1880 1101 ignominioso
1927 1003 2138 1090 (nam
2189 1007 2644 1106 ignominio-

376 1174 379 1175 ⁷
483 1161 648 1209 sum
701 1160 848 1210 esse
900 1138 1209 1230 rentur)
1256 1138 1679 1237 significare
1731 1141 2005 1231 velint,
2072 1145 2299 1247 plane
2352 1111 2639 1223 diversa

484 1294 557 1349 et
608 1275 993 1349 mirabilia
1046 1276 1498 1352 narrabunt.
1598 1279 1897 1354 Scilicet
1962 1282 2076 1354 illi
2132 1310 2322 1357 nova
2373 1304 2641 1386 myste-

483 1417 593 1489 ria
658 1443 701 1488 a
752 1417 1183 1518 Gangeticis
1251 1418 1438 1520 ripis
1506 1419 1714 1494 ultro
1781 1422 2042 1494 arcessi
2113 1421 2320 1495 baud
2393 1450 2639 1526 aequo

479 1556 745 1630 animo‘
784 1555 1067 1644 ferent,
1141 1584 1316 1632 cum
1370 1559 1689 1659 antiqua
1742 1561 1865 1633 vix
1939 1586 2408 1662 concoquere
2476 1590 2637 1666 pos-

477 1694 652 1767 sint.
756 1694 1113 1787 Quorum
1183 1697 1591 1797 opprobria
1680 1698 1907 1773 nihili
1984 1726 2104 1780 me
2179 1700 2455 1781 facere,
2539 1729 2637 1776 ne

477 1827 648 1927 quis
709 1827 1106 1931 superbiae
1175 1854 1321 1903 esse
1385 1830 1764 1933 opinetur.
1869 1828 2046 1902 ldeo
2095 1831 2302 1902 enim
2352 1856 2636 1931 aggres-

474 1992 597 2040 sus
642 1993 805 2042 sum
859 1968 1393 2042 vetustissimae
1445 1968 1653 2042 illius
1696 1968 2220 2072 philosophiae
2269 1967 2633 2051 studium,

477 2123 567 2179 ut
630 2105 1030 2180 obscuram
1078 2106 1459 2181 ‘historiae
1531 2125 1860 2209 partem,
1939 2107 1996 2180 si
2068 2134 2391 2209 possem,
2459 2109 2636 2181 illu-

472 2263 710 2320 strare
773 2271 1121 2332 conarer,
1207 2272 1363 2320 non
1428 2234 1587 2346 quo
1654 2271 1935 2319 novum
2005 2244 2184 2323 inde
2255 2246 2633 2320 humanae

475 2385 928 2485 cognitionis
975 2383 1264 2459 fontem
1316 2375 1748 2461 redundare
1796 2386 2228 2460 existimem.
2330 2388 2520 2459 Nam
2570 2387 2629 2459 si

472 2525 643 2624 quis
715 2522 970 2598 divina
1059 2524 1532 2600 Christianae
1624 2524 2009 2625 religionis
2106 2526 2456 2625 mysteria
2544 2547 2632 2595 ex

475 2661 844 2737 Indorum
923 2664 1291 2766 sapientia
1379 2662 1741 2765 explicari
1830 2664 1945 2735 vel
2038 2660 2224 2737 adeo
2306 2658 2632 2762 amplifi-

473 2804 628 2876 cari
685 2828 892 2906 posse
942 2820 1264 2905 putaret,
1320 2828 1462 2876 nae
1517 2802 1647 2875 ille
1695 2801 2022 2901 graviter
2072 2798 2628 2903 reprehenden-

473 2945 615 3017 dus
680 2941 916 3029 foret,
984 2961 1061 3016 et
1127 2969 1170 3015 a
1242 2941 1374 3015 tali
1440 2940 1938 3042 mysticismo,
2011 2940 2150 3041 qui
2217 2965 2384 3012 vera
2458 2967 2629 3013 cum

470 3083 780 3157 somniis
831 3083 1125 3169 miscet,
1196 3106 1316 3154 me
1366 3078 1780 3154 abhorrere
1828 3104 2173 3156 assevero.
2277 3077 2629 3152 Christia-

477 3250 652 3296 nam
740 3213 995 3297 autem
1077 3222 1507 3296 doctrinam
1582 3246 1758 3292 cum
1823 3217 2194 3292 Indorum
2272 3218 2634 3318 dogmatis

473 3386 912 3463 comparare
979 3379 1208 3462 atque
1280 3361 1362 3433 in
1414 3359 1534 3434 his
1607 3358 1939 3433 veritatis
2000 3359 2214 3458 quasi
2280 3358 2632 3459 imagines

472 3520 549 3575 et
579 3501 942 3575 scintillas
984 3498 1536 3587 demonstrare,
1594 3523 1707 3572 res
1740 3517 1851 3572 est
1888 3499 2284 3573 utilissima
2319 3495 2629 3598 quidem

471 3657 548 3712 et
596 3639 1358 3728 maximi‘momenti‚
1440 3636 1568 3713 sed
1635 3639 1884 3712 aliena
1949 3638 2046 3711 ab
2109 3637 2341 3711 buius
2388 3636 2626 3712 libelli

473 3777 904 3882 proposito,
981 3778 1118 3877 qui
1174 3796 1471 3852 tantum
1527 3778 1607 3850 in
1662 3777 1821 3879 ipso
1870 3774 2470 3850 Vedanticorum
2519 3804 2628 3879 sy-

472 3934 780 3992 stemate
843 3915 1291 4019 explicando
1364 3934 1721 3990 versatur.
1825 3913 2051 4010 Quod
2124 3915 2266 3990 hac
2339 3917 2627 3992 ratione

472 4086 513 4132 a
568 4084 686 4132 me
738 4057 1020 4133 factum
1073 4077 1214 4139 est,
1270 4076 1357 4130 ut
1401 4057 1645 4159 primo
1690 4045 2270 4158 locoposuerim
2319 4083 2629 4161 opuscu-
