2964 4737
1196 310 1692 401 -73-..

358 518 735 593 currunt3
797 525 885 575 ac
936 500 1188 602 primo
1241 499 1561 602 quidem
1614 498 1709 574 de
1762 502 2140 606 particula
2193 523 2274 588 ἒ,
2345 528 2545 605 quae

359 622 449 699 in
501 624 723 702 libris
772 624 925 699 illis
1001 624 1284 729 partim
1335 622 1734 727 expletivis
1779 614 1831 693 ἓ
1877 643 1956 700 et
1999 647 2073 695 επ
2121 626 2547 729 praemitti-

358 760 526 832 tur,
578 744 866 849 partim
918 763 1088 848 post
1131 746 1406 843 {ffrseu
1443 763 1612 848 post
1656 745 2128 821 substantiva
2179 747 2544 850 ponitur3

305 928 317 947 2
355 866 484 942 sed
535 869 767 971 plane
815 869 1185 944 abhorret
1233 895 1277 941 a
1313 867 1596 965 seriore
1627 865 1938 942 dicendi
1967 894 2277 969 genere,
2331 868 2546 971 quod

308 1057 313 1061 ,
357 989 789 1066 innumeris
853 992 1037 1066 locis
1100 1017 1279 1066 cum
1349 990 1811 1095 pronomine
1863 991 2131 1066 tertiae
2182 1018 2547 1097 personae

358 1110 446 1186 in
495 1114 858 1189 omnibus
905 1116 1204 1192 casibus
1253 1133 1332 1203 et
1381 1114 1727 1191 numeris
1774 1114 2284 1216 coniungitur
2333 1115 2410 1210 (ετ
2456 1138 2544 1204 ξ,

354 1236 403 1303 ἔτ
447 1256 529 1322 Ξ,
580 1229 673 1306 &a
718 1259 768 1323 ἓ
814 1255 951 1313 etc.
975 1236 1039 1330 ),
1113 1238 1334 1314 cuius
1384 1238 1497 1312 rei
1550 1237 1895 1341 exempla
1967 1236 2098 1312 hic
2163 1235 2547 1312 adducere

288 1422 298 1431 .
358 1357 576 1446 nolo,
649 1357 865 1459 quod
928 1378 1222 1436 scatent
1286 1360 1393 1439 eis
1455 1359 1788 1436 Catbaca
1853 1377 1932 1433 et
1984 1358 2544 1471 Cbhandogya,

357 1477 857 1581 inveniesque
906 1482 1295 1583 permulta
1347 1481 1431 1579 in
1492 1480 1705 1567 colis,
1773 1504 2000 1581 quae
2028 1482 2300 1583 passim
2353 1481 2548 1554 inse-
2603 1517 2608 1522 ·

326 1599 547 1683 frui..
609 1600 730 1676 Sic
802 1602 1035 1695 etiam
1102 1603 1307 1704 Rigv.
1372 1603 1585 1705 Spec.
1661 1629 1736 1705 p.
1778 1608 1845 1677 8.
1909 1623 1979 1671 επ
2038 1623 2109 1687 {-
2244 1605 2546 1676 Certam

292 1784 302 1798 .
358 1720 754 1822 quandam
824 1724 1171 1824 regulam
1238 1723 1594 1799 nondum
1657 1724 2063 1798 enucleare
2125 1724 2389 1828 potui3
2466 1724 2548 1797 id

358 1859 669 1927 tantum
718 1844 1144 1936 observavi,
1214 1846 1632 1951 praecipue
1684 1845 1776 1922 iis
1838 1846 2026 1945 locis
2089 1844 2270 1919 addi
2321 1846 2547 1949 sylla·

354 1962 538 2051 ham
590 1964 846 2054 illam,
900 1966 1038 2040 ubi
1095 1985 1464 2063 narratur
1512 1966 1850 2069 aliquid,
1926 1987 2160 2068 atque
2209 1968 2365 2040 vim
2419 1966 2548 2040 de-

356 2089 933 2163 monstrativam
986 2086 1072 2162 ea
1123 2090 1410 2190 augeri.
1516 2090 1965 2193 Comparari
2006 2110 2261 2166 autem
2304 2109 2549 2195 potest

357 2206 634 2281 Latino
685 2231 768 2280 ce
815 2232 952 2282 seu
1000 2232 1044 2281 c
1095 2210 1180 2284 in
1214 2213 1469 2301 uhic,
1523 2214 1749 2301 haec,
1788 2214 2233 2317 ·hoc·(bice„
2289 2213 2541 2304 haece,

357 2326 618 2423 boce),
663 2347 860 2416 tunc,
909 2356 1123 2425 nunc,
1174 2358 1375 2436 quae
1425 2357 1468 2407 e
1520 2336 1987 2437 pronomine
2036 2355 2114 2412 et
2151 2336 2555 2440 particula

357 2454 776 2559 composita
826 2478 1014 2538 esse,
1084 2471 1520 2529 monstrant
1562 2480 1774 2530 casus
1823 2454 2161 2555 obliqui:
2247 2457 2556 2528 huiusce

358 2591 500 2648 etc.
597 2576 795 2649 Nam
842 2597 892 2660 Ε
939 2593 1017 2651 et
1066 2599 1110 2647 c
1156 2574 1304 2664 sibi
1357 2573 1822 2679 respondent
1840 2607 1860 2668 3
1909 2575 2017 2649 sic
2064 2598 2160 2671 ξζ
2211 2594 2288 2650 et
2338 2575 2556 2648 cord-

361 2697 473 2780 is;
555 2693 650 2768 cf.
725 2696 1262 2798 Boppiumin
1330 2696 1577 2798 sagaci
1665 2694 2193 2773 dissertatione
2274 2697 2552 2798 quinta

272 2893 282 2902 ,
360 2814 458 2891 de
510 2817 1427 2920 comparatione-linguae
1448 2818 1880 2914 Sanscritae
1930 2844 2111 2924 cum
2160 2819 2547 2908 affinibus,

361 2964 599 3041 quam
631 2956 795 3013 tum
829 2936 1144 3011 demum
1169 2940 1416 3039 legere
1458 2937 1655 3012 mihi
1696 2940 2042 3040 contigit,
2078 2966 2330 3041 quum
2368 2939 2554 3016 haec
2664 3023 2673 3031 ,

359 3060 827 3163 scripseram.
944 3057 1557 3159 Ingeniosissime
1635 3057 1731 3158 de
1807 3059 1955 3133 hoc
2024 3059 2395 3162 additicio
2468 3088 2552 3139 ce

361 3180 783 3285 disputavit
858 3180 1283 3255 Grimmius
1350 3182 1697 3264 Gramm.
1741 3185 1890 3270 111,
1959 3189 2178 3284 p.‚23
2224 3238 2244 3270 ‚
2315 3163 2551 3285 quem

361 3304 844 3408 potissimum
918 3302 1194 3378 ducem
1244 3321 1548 3378 secutus
1596 3328 1843 3377 meam
1896 3301 1991 3376 de
2042 3303 2187 3377 bac
2237 3304 2548 3407 restopi·

360 3421 678 3501 nionem
708 3426 1065 3502 breviter
1112 3451 1511 3528 exponam.
1610 3423 1909 3526 Lingua
1951 3425 2281 3501 Gothica
2334 3454 2552 3531 prae-

360 3547 497 3623 bet
558 3550 918 3624 suffixum
984 3549 1130 3637 uh,
1202 3546 1417 3650 quod
1482 3574 1663 3624 cum
1726 3548 1977 3624 verbis
2038 3550 2552 3650 coniunctum

300 3741 308 3749 .
361 3667 601 3745 habet
632 3688 798 3744 tum
838 3670 1473 3771 significationem
1511 3670 1766 3745 Latini
1800 3697 1961 3773 que,
2014 3690 2182 3747 tum
2213 3673 2549 3775 singula·

361 3814 527 3866 rem
560 3790 955 3892 quandam
1008 3791 1531 3881 restrictivam,
1585 3811 1819 3893 atque
1864 3794 2090 3867 etiam
2147 3822 2326 3869 cum
2380 3824 2551 3898 par-

360 3912 623 3989 siculis
657 3915 1157 4018 componitur
1169 3946 1190 4007 3
1224 3914 1331 3989 sic
1354 3914 1775 3990 Gothicum
1810 3918 2099 3988 thanah
2142 3917 2547 4021 respondet

361 4036 639 4114 Latino
689 4053 902 4129 tunm
954 4037 1451 4142 postponitur
1499 4036 2095 4142 pronominibus
2144 4065 2366 4123 sums,
2417 4064 2544 4110 an·
