2964 4737
1183 310 1274 340 τε-
1376 271 1671 373 95'--

320 469 655 555 cientem
669 501 690 562 3
727 470 1092 559 nonnulli
1129 470 1230 553 ab
1261 492 1351 549 eo
1396 469 1780 555 diversum
1812 468 2218 552 (lominum
2258 471 2536 551 omnia·

321 589 698 699 scientem
736 607 816 677 et
866 591 1481 694 omnipotentem
1531 618 1682 673 esse
1731 612 2049 696 putant5
2117 593 2252 667 alii
2305 591 2521 671 deni-

323 736 480 813 que
545 738 733 801 eum
801 712 1137 799 fruentis
1217 719 1455 813 ipsum
1536 714 1976 817 perhibent.
2099 715 2222 793 Sic
2287 715 2521 793 multi

324 835 574 937 plane-
608 833 913 923 diversa.
950 853 1347 925 statuunt,
1400 861 1620 922 suam
1655 837 1985 938 quisque
2032 855 2523 937 argumenta-

327 955 616 1045 tionem
668 974 748 1032 et
807 957 1347 1038 auctoritatem
1408 974 1730 1033 secutus.
1834 957 1994 1053 Qui
2048 976 2306 1031 autem
2356 957 2524 1030 sine

325 1075 863 1176 disquisitione
895 1104 1136 1163 unam
1174 1077 1457 1153 harum
1481 1078 1948 1181 opinionum
1978 1077 2313 1181 adoptat,
2350 1079 2524 1151 bea-

328 1196 666 1289 titudine
701 1199 1057 1302 priv-atur
1093 1216 1172 1276 et
1209 1198 1585 1275 damnum
1618 1199 1971 1281 incurrit.
2009 1202 2272 1297 Quare
2290 1201 2525 1274 Brab-

324 1319 590 1415 manis
613 1318 1120 1421 cognoscendi
1150 1318 1539 1408 studium,
1573 1319 1786 1423 quod
1806 1318 2206 1401 Vedantae
2240 1324 2525 1425 placita

324 1458 886 1544 perscrutatur,
939 1461 1449 1517 coniunctum
1487 1468 1667 1515 cum
1721 1459 2312 1543 ratiocinatione
2362 1469 2525 1518 non

324 1563 753 1659 contraria,
804 1560 1314 1640 beatitudinis
1381 1563 1617 1641 finem
1667 1560 1960 1645 habens
2010 1562 2095 1639 i‘n
2147 1562 2295 1637 hoc
2354 1589 2528 1665 pro·

326 1684 497 1786 logo
549 1683 993 1767 laudatur.“
1089 1683 1597 1772 Habuerunt,
1647 1700 1741 1761 ut
1786 1666 2028 1771 vides,
2078 1681 2254 1759 Indi
2279 1686 2545 1786 Ειιογ-ἱ

325 1802 819 1909 clopaedistas
867 1821 946 1879 et
993 1805 1491 1893 Atomisticos⁴
1520 1831 1727 1895 suos,
1778 1805 1925 1906 qui
1971 1832 2221 1908 quum
2270 1806 2533 1883 Deum

326 1949 477 2011 esse
526 1943 932 2028 negarent,
1002 1951 1079 2001 se
1133 1926 1364 2031 ipsos,
1433 1944 1574 2001 aut
1636 1928 1905 2002 saltem
1971 1953 2255 2030 corpus
2297 1953 2543 2005 suumf

326 2071 480 2125 esse
547 2075 705 2122 non
770 2047 1195 2147 negabant,
1268 2045 1605 2149 ideoque
1670 2065 1970 2137 mutato
2037 2064 2345 2131 tantum
2395 2074 2535 2129 no—

328 2166 542 2265 mine
589 2168 883 2257 Deum,
928 2166 1066 2238 etsi
1117 2166 1693 2255 crassissimum,
1724 2220 1725 2223 ,
1762 2167 2358 2268 profitebantur.

527 2289 814 2372 Veram
865 2301 1125 2359 autem
1192 2287 1535 2388 supremi
1590 2287 1939 2360 numinis
2011 2291 2551 2390 cognitionem·

329 2407 743 2488 Vedantici
787 2404 1184 2510 discipulis
1229 2406 1386 2494 suis
1436 2406 1917 2509 promittunt
1965 2426 2044 2483 et
2091 2410 2547 2512 perfectam2

330 2555 532 2631 quae
566 2555 656 2603 ex
688 2554 774 2602 ea
813 2523 1242 2638 redundat,r
1280 2525 1867 2614 beatitudinem.
1921 2530 2206 2620 Omnes
2237 2533 2545 2636 quippe,

334 2648 779 2728 Indicorum
847 2645 1523 2750 philosophorum·
1561 2664 1804 2724 sectae
1874 2672 2055 2731 eum
2091 2651 2248 2726 sibi
2299 2654 2538 2740 finem

332 2798 482 2852 esse.
511 2787 958 2858 autumant,
1012 2788 1106 2848 ut
1139 2768 1543 2844 hominem
1593 2768 1693 2844 ad
1742 2790 2200 2876 perpetuam
2251 2802 2296 2849 a
2345 2801 2540 2877 quo-
2596 2827 2599 2830 >

330 2892 438 2972 vis
473 2912 778 2972 terreno
807 2892 1118 2967 vinculo
1155 2890 1694 2972 liberationem
1731 2892 2186 2994 perducant,
2238 2897 2541 2978 etiamsi

332 3010 428 3092 de
477 3012 636 3094 via,
690 3037 848 3111 qua
902 3010 1094 3085 illuc
1140 3008 1613 3085 veniendum
1661 3011 1793 3099 sit,
1869 3039 2335 3118 magnopere
2387 3017 2538 3093 dis-

332 3150 672 3234 crepent.
778 3131 1050 3227 Quum
1124 3132 1334 3208 enim
1399 3130 1682 3235 prioris
1730 3130 2153 3218 Mimansae
2220 3139 2540 3213 asseclae

335 3253 418 3344 in
467 3256 625 3340 sola
675 3279 1080 3346 sacrorum⁴
1127 3253 1513 3330 librorum
1568 3254 1937 3344 lectione,
2012 3254 2103 3342 in,
2145 3256 2539 3334 sacrificiis

330 3393 410 3451 et
456 3373 982 3461 caerimoniis,
1035 3374 1118 3448 in
1171 3375 1320 3477 piis
1369 3376 1743 3478 operibus
1769 3396 1846 3462 et
1888 3378 2237 3481 religiosa
2274 3379 2548 3480 legum,

330 3494 816 3580 observantia
866 3493 1362 3570 certissimam
1409 3496 1893 3584 liberationis
1940 3527 2152 3605 spem
2205 3502 2538 3604 positam

331 3641 486 3691 esse
537 3616 966 3716 opinentur
1013 3614 1341 3710 (Colebr.
1367 3616 1757 3704 Transact.
1786 3622 1858 3707 1,
1896 3646 1971 3722 p.
2007 3617 2246 3720 459.),
2301 3624 2543 3723 quin...

332 3761 490 3839 que
528 3736 871 3837 reliquae
908 3735 1210 3818 scholae
1247 3761 1409 3820 uno
1450 3737 1669 3836 quasi
1712 3763 1845 3818 ore
1883 3741 2337 3840 cognitione:
2367 3761 2544 3824 tan-2

340 3875 530 3948 tum¹
581 3882 724 3936 nos
801 3874 1192 3936 aeternam
1271 3855 1841 3934 beatitudinem
1923 3859 2244 3964 adipisci
2321 3890 2545 3967 posse,

335 3977 843 4068 contendunt.
949 3979 1223 4077 Qualis
1269 4003 1447 4056 vero
1497 4003 1648 4064 esse
1700 3978 1976 4078 debeat
2024 3982 2535 4089 illacognitio
