2964 4737
1181 343 1270 360 ...
1388 311 1716 418 {37—

362 520 583 608 pater
633 505 1015 579 allocutus
1065 523 1205 580 est:
1260 508 1690 583 Svetacetus
1725 530 1992 581 exerce
2045 506 2285 579 officia
2343 503 2561 579 disci-

357 626 573 728 puli,
652 653 811 700 non
886 626 1095 700 enim
1162 646 1271 700 est
1343 628 1627 730 aliquis
1680 628 1766 701 in
1819 645 2078 702 nostra
2133 626 2462 715 familia,
2515 656 2561 701 o

364 748 598 834 hone,
653 746 792 847 qui
830 775 996 822 non·
1029 748 1384 851 perlectis
1424 747 1644 823 libris
1684 749 1913 824 sacris
1958 776 2099 851 pro
2130 746 2561 820 Brahmana

365 868 803 942 haberetur.
893 873 964 943 Is
997 866 1406 943 duodecim
1440 897 1684 946 annos
1720 888 1946 946 natus
1977 868 2076 944 ad
2113 869 2564 970 magistrum

364 988 614 1081 venit3
714 989 987 1090 viginti
1069 1010 1412 1092 quatuor
1500 1018 1741 1068 annos
1825 1010 2052 1066 natus
2093 1044 2115 1076 ,
2213 991 2565 1093 perlectis

366 1110 726 1184 omnibus
782 1109 1013 1185 Vedis
1073 1113 1450 1215 superbus
1519 1138 1750 1215 seque
1802 1113 2054 1217 ipsum
2106 1109 2565 1230 perdoctum

364 1231 1106 1331 existimans'stulta
1176 1236 1612 1336 arrogantia
1686 1236 1786 1310 ad
1866 1254 2164 1339 patrem
2237 1234 2563 1309 accessit.

367 1353 511 1426 Cui
563 1372 818 1455 pater:
872 1381 1016 1428 cur
1062 1353 1409 1444 tandem,
1464 1384 1509 1430 o
1551 1357 1784 1446 bone,
1841 1356 2138 1457 inquit,
2188 1355 2566 1458 superbus

370 1493 597 1575 teque
651 1477 903 1579 ipsum
957 1476 1416 1579 perdoctum
1469 1496 1682 1553 ratus
1732 1503 2098 1578 arrogans
2149 1479 2272 1550 es?
2341 1481 2566 1549 Anne

369 1596 583 1670 illam
637 1598 1033 1673 notionem
1088 1596 1545 1701 (magistros)
1601 1599 2123 1701 interrogasti,
2196 1624 2353 1700 qua
2408 1622 2566 1671 nou

367 1716 728 1793 auditum
778 1720 1140 1797 auditum
1207 1724 1330 1814 fit,
1414 1751 1571 1797 non
1637 1722 2053 1822 cogitatum
2109 1718 2565 1820 cogitatum,

369 1867 530 1915 non
598 1842 1081 1919 intellectum
1148 1845 1679 1919 intellectum?
1749 1839 2158 1940 Quomodo
2229 1866 2406 1915 vero
2458 1856 2570 1912 est

371 1963 506 2038 illa
561 1964 808 2054 notio,
863 1993 907 2039 o
955 1966 1446 2055 venerabilis,
1504 1967 1789 2067 inquit.
1868 1960 2566 2061 Quemadmodum,

373 2112 417 2158 o
451 2085 684 2171 bone,
722 2112 880 2159 uno
913 2090 1228 2187 argillae
1262 2089 1490 2186 globo
1528 2114 1755 2162 omne
1786 2088 2282 2188 argillaceum
2314 2083 2564 2184 cogni-

377 2222 540 2279 tum
577 2222 706 2294 est,
735 2205 1121 2307 verboque
1157 2225 1459 2282 tantum
1499 2209 1761 2281 effecta
1801 2225 1876 2281 et
1905 2234 2185 2282 nomen
2218 2206 2569 2292 mutati0‚

372 2352 453 2402 re
500 2353 674 2401 vera
757 2345 1010 2403 tamen
1079 2328 1351 2429 argilla
1419 2329 1574 2402 sola
1641 2345 1791 2420 est3
1871 2326 2567 2428 quemadmodum,

373 2477 419 2525 o
470 2450 703 2540 bone,
781 2477 941 2526 uno
993 2475 1227 2526 aureo
1278 2467 1738 2524 ornamento
1792 2474 2021 2524 omne
2071 2474 2397 2522 aureum
2450 2475 2571 2522 co-

369 2572 676 2672 gnitum
738 2591 893 2657 est,
976 2574 1365 2675 verboque
1440 2551 1747 2647 tantum
1810 2572 2074 2646 effecta
2141 2590 2219 2646 et
2287 2596 2571 2645 nomen

371 2695 741 2784 mutatio,
792 2720 874 2768 re
924 2720 1099 2770 vera
1156 2713 1409 2770 tamen
1460 2720 1746 2769 aurum
1793 2694 2043 2769 solum
2093 2710 2241 2784 θεῖς
2309 2718 2575 2793 quem-

369 2813 828 2907 admodum,
883 2844 929 2892 o
981 2817 1224 2907 hone,
1278 2793 1441 2893 uno
1492 2817 1808 2891 cultello
1840 2799 1958 2889 ‘ad
2006 2813 2366 2891 secandos
2427 2842 2574 2889 un-

369 2963 548 3040 gues
580 2963 808 3012 omne
841 2938 1184 3013 ferreum
1224 2939 1626 3039 cognitum
1672 2955 1780 3013 est
1817 2936 2208 3038 verboque
2265 2955 2570 3013 tautum

367 3061 634 3133 effecta
684 3078 764 3134 et
814 3084 1098 3134 nomen
1149 3059 1523 3145 mutati0,
1573 3081 1655 3131 re
1713 3082 1886 3130 vera
1961 3076 2216 3132 tamen
2277 3059 2573 3137 ferrum

367 3182 618 3260 solum
672 3199 808 3267 est,
860 3182 1004 3270 sic,
1059 3209 1105 3257 o
1155 3181 1390 3270 hone,
1447 3180 1581 3253 illa
1638 3178 1871 3253 etiam
1923 3178 2319 3254 notioest.
2424 3183 2575 3253 Ve-

371 3303 747 3378 nerabiles
799 3303 916 3376 illi
969 3302 1155 3389 viri,
1207 3299 1611 3404 respondit
1640 3301 2099 3389 Svetacetus,
2159 3297 2358 3374 illud
2411 3328 2573 3376 non

369 3424 789 3514 sciverunt3
839 3422 1053 3525 quod
1101 3423 1164 3497 si
1215 3421 1425 3498 enim
1472 3421 1896 3511 scivissent,
1966 3449 2108 3496 cur
2157 3419 2354 3496 mihi
2410 3448 2573 3497 non

372 3542 780 3620 dixissent?
826 3546 950 3618 Tu
990 3567 1201 3633 vero,
1253 3571 1299 3619 o
1337 3542 1823 3632 venerabilis,
1878 3543 2071 3616 mihi
2111 3542 2311 3617 illud
2345 3540 2567 3619 dicas·
2666 3583 2687 3600 x

372 3665 678 3748 Dicam.
734 3693 780 3741 o
832 3665 1065 3754 bone,
1121 3661 1535 3766 respondit.
1639 3665 1793 3736 Ens
1844 3661 2195 3763 quidem,
2251 3691 2296 3738 o
2350 3667 2571 3751 bone,

375 3785 518 3866 hoc
569 3785 655 3858 iu
705 3786 936 3864 initio
989 3785 1179 3869 fuit,
1230 3811 1524 3870 unum,
1577 3782 1740 3857 sine
1773 3782 2148 3876 secundo;
2203 3790 2572 3862 nonnulli

375 3932 550 4004 vero
601 3907 862 3984 aiunt:
918 3932 1076 3980 non
1128 3921 1279 3980 ens·
1302 3902 1619 4006 quidem
1664 3903 1807 3977 hoc
1841 3905 2064 3978 initio
2098 3905 2271 3994 fuit,
2318 3933 2573 3984 unum

377 4031 536 4114 siue
585 4026 959 4120 secundm
1018 4052 1109 4106 ex
1139 4052 1229 4103 eo
1282 4052 1441 4108 non
1493 4043 1670 4106 ente
1719 4051 1851 4104 ens
1901 4027 2259 4109 nascitur.
2364 4030 2573 4127 Quo-
