2964 4737
1333 334 1815 421 „40-

504 523 643 618 (cf.
701 526 1054 602 Burnouf
1107 544 1183 611 et
1230 530 1494 600 Lassen
1544 522 1762 596 Essai
1807 546 1936 595 sur
1997 522 2066 594 le
2110 519 2282 591 Pali
2343 547 2413 622 p.
2462 514 2672 610 61.).

504 651 961 754 Praecipuus
1010 649 1170 737 eius
1220 643 1755 752 persecutionis
1788 650 2051 718 auctor
2082 641 2235 716 fuit
2265 638 2675 714 Cumarila

504 773 811 857 Bhatta,
885 771 983 846 de
1055 800 1211 874 quo
1280 772 1505 875 plura
1566 768 1736 843 vide
1804 765 2017 871 apud
2069 764 2677 840 Colebrookium

504 895 918 990 (Transact.
955 896 1057 996 of
1088 898 1216 970 the
1259 893 1513 993 Royal
1549 892 1686 966 As.
1724 889 1883 972 Soc.
1943 894 2143 992 1,,Ρ.
2180 889 2401 982 44ι.).
2496 884 2670 979 Qui

506 1019 972 1093 Cumarilam
1018 1036 1259 1092 aetate
1302 1015 1695 1120 praecessit
1740 1014 2063 1090 Sabara-
2091 1007 2335 1087 Svami
2388 1006 2674 1080 Bhatta

503 1167 548 1212 a
579 1142 900 1214 Sancara
950 1136 1403 1211 nominatim
1455 1134 1822 1210 laudatur
1845 1129 1915 1228 d)
1966 1131 2153 1229 (col.
2190 1131 2289 1204 ib.
2317 1158 2401 1233 Ρ.
2429 1123 2669 1223 460.),

505 1290 546 1335 a
585 1288 740 1363 quo
765 1261 1301 1335 Colebrookius
1347 1260 1578 1336 etiam
1621 1258 2088 1334 Cumarilam
2143 1273 2332 1330 tecte
2377 1252 2673 1354 signifi-

505 1384 663 1457 cari
732 1383 1120 1485 opinatur.
1225 1384 1426 1457 Hinc
1493 1382 1713 1457 nobis
1776 1378 2227 1456 concludere
2276 1375 2489 1463 licet,
2558 1372 2670 1452 vi·-

506 1505 689 1578 xisse
737 1506 1140 1578 Sancaram
1163 1520 1334 1603 post
1362 1502 1700 1578 medium
1733 1502 2011 1577 saeculi
2045 1499 2249 1575 sexti.
2350 1499 2670 1602 Scripsit

507 1644 762 1700 autem
809 1629 1177 1700 Sancarae
1227 1625 1653 1729 discipulus
1691 1622 2192 1725 Anandagiris
2235 1624 2524 1700 librum
2566 1627 2667 1700 in

507 1747 815 1822 laudem
866 1749 1236 1851 magistri,
1288 1750 1414 1824 cui
1471 1749 1741 1825 titulus
1789 1746 2527 1852 Sancaradigvijaya,
2580 1748 2665 1823 in

507 1900 665 1973 quo
735 1872 1063 1973 theologi
1139 1872 1350 1946 illius
1420 1898 1598 1946 cum
1665 1871 2054 1949 haereticis
2118 1872 2667 1977 disputationes

508 2013 1007 2085 enarrantur,
1075 1996 1181 2070 ita
1234 2012 1526 2078 tamen,
1595 2012 1687 2069 ut
1747 1996 1940 2071 veris
2006 1998 2293 2073 multae
2359 1996 2714 2071 fabulae*

511 2116 887 2208 admixtae
915 2117 1108 2202 sint3
1158 2116 1655 2219 quamobrem
1675 2117 2070 2192 Wilsonus
2093 2114 2240 2209 (As.
2266 2121 2421 2194 Res.
2456 2121 2659 2206 XVI,

510 2269 586 2345 p.
640 2240 784 2332 ιι.)
828 2266 904 2316 se
955 2240 1307 2316 dubitare
1356 2242 1805 2328 confitetur,
1856 2258 2117 2314 utrum
2164 2240 2664 2344 Anandagiris

511 2363 878 2442 mentitus
922 2364 1062 2450 sit,
1110 2392 1211 2437 an
1262 2362 1458 2438 liber
1508 2362 1637 2436 ille
1688 2360 1785 2437 ad
1826 2361 2312 2467 posteriorem
2348 2381 2664 2437 aetatem

510 2487 910 2590 pertineat.
990 2487 1198 2562 Illud
1230 2504 1528 2563 certum
1562 2512 1712 2561 esse
1739 2486 2074 2577 videtur,
2123 2486 2662 2589 panegyricum

496 2627 690 2705 ⁴ante
743 2609 1240 2712 Ramanujam
1290 2609 1587 2685 editum
1619 2635 1808 2698 esse,
1851 2609 2068 2684 cuius
2097 2628 2419 2684 aetatem
2452 2637 2660 2684 accu-

513 2751 677 2806 rate
745 2734 1111 2808 novimus.
1234 2736 1473 2807 Natus
1537 2751 1647 2807 est
1712 2733 1921 2806 enim
1986 2732 2301 2807 ineunte
2374 2733 2661 2807 saeculo

444 2855 447 2860 '
513 2853 920 2928 undecimo
986 2872 1063 2957 et
1130 2879 1421 2928 summa
1473 2853 1559 2926 in
1624 2865 2022 2939 senectute
2054 2853 2359 2928 decessit
2406 2854 2660 2948 (Wils.

519 2973 618 3045 ib.
673 3001 749 3076 Ρ.
798 2979 913 3048 28.
979 2973 1221 3069 not.);
1294 2974 1447 3049 fuit
1514 2994 1770 3053 autem
1837 3002 2071 3051 novae
2136 2976 2531 3053 cuiusdam
2593 2993 2666 3049 et

950 3136 1082 3144 *φ-

761 3220 900 3281 dem
947 3221 1072 3281 sere
1111 3232 1383 3303 tempore
1431 3222 1674 3283 Ozenae
1738 3221 2049 3304 princeps,
2105 3226 2200 3283 cui
2262 3244 2481 3284 nomen
2542 3232 2664 3282 erat

763 3330 1270 3412 Vicramadityae.
1353 3330 1513 3390 Hinc
1558 3340 1844 3412 apparet,
1895 3330 2406 3392 Amara-Sinbam
2447 3342 2666 3412 tempus

765 3436 945 3513 illud,
988 3458 1110 3516 quo
1150 3438 1481 3517 persecutio
1504 3436 1972 3498 Buddhistarum
1997 3412 2334 3509 saeviebat,
2377 3439 2661 3520 adtigisse,

760 3543 1146 3623 potuisseque
1186 3541 1374 3603 libros
1420 3543 1587 3620 eius,
1631 3552 1876 3622 excepto
1903 3542 2221 3615 thesaura,
2267 3546 2534 3606 cremavi.
2576 3545 2666 3603 Sic

768 3651 968 3708 omnia
1035 3652 1256 3731 optime
1315 3661 1673 3732 congruunt.
1783 3650 1879 3709 De
1938 3648 2248 3709 Calidasae
2309 3661 2502 3709 aetate
2558 3649 2663 3708 alia

764 3760 1030 3839 quaestio
1072 3767 1204 3832 est,
1250 3777 1435 3838 quam
1482 3754 1798 3814 Lassenius
1840 3755 1902 3812 in
1942 3752 2395 3834 Prolegomenis
2435 3754 2511 3815 ad
2545 3757 2662 3814 Ma-

764 3863 1267 3946 lati-Madhavam
1310 3862 1603 3943 expediet.

599 3973 678 4052 d)
722 3972 1173 4035 Brabma-Sutr.
1222 3972 1346 4046 111,
1388 3971 1422 4029 3
1453 4016 1471 4043 ‚
1517 3972 1616 4033 51.
1661 3992 1719 4049 p.
1761 3970 1904 4028 51⁸.
