2964 4737
1205 328 1756 423 -ι54-
2013 341 2047 353 “

385 522 748 624 gnitione.
790 523 1182 612 liberatio,
1250 550 1294 599 e
1343 523 1804 628 multiplicis
1870 521 2190 627 scientia
2263 546 2594 625 operum

386 647 859 750 perpetratio
907 667 1291 749 sequatur.
1394 645 1535 723 Sed
1572 646 1670 719 ab
1713 645 1878 723 hoc,
1916 643 2263 718 realismo
2312 643 2595 719 abhor-

388 788 567 844 rent
598 771 1047 846 Vedantici:
1100 797 1418 876 prorsus
1463 771 1649 847 falsa
1697 795 1787 844 ea
1822 768 2163 871 cognitio
2193 785 2340 856 est,
2389 791 2599 869 quae

386 893 692 995 aliquid
740 925 784 970 a
830 894 1259 971 Brahmane
1309 895 1699 970 diversum
1747 920 1897 970 esse
1943 893 2250 979 statuit,
2320 909 2399 964 et
2450 916 2594 993 pu,

387 1032 633 1112 gnant
683 1034 950 1089 contra
1002 1041 1172 1091 eam
1222 1041 1485 1090 ornnes
1514 1042 1571 1090 s.
1615 1015 2002 1090 lihrorum
2040 1015 2249 1115 loci„
2286 1013 2595 1088 Deinde

388 1133 580 1211 haec
631 1136 957 1240 profert:
1027 1161 1327 1224 nonne,
1401 1137 1466 1212 si—
1516 1136 1866 1211 absoluta
1916 1135 2176 1210 unitas
2220 1135 2603 1239 ponitur,

386 1277 710 1362 propter
757 1258 1360 1362 multiplicitatis
1410 1258 1799 1335 defectum
1843 1259 2103 1333 omnia
2145 1259 2595 1332 communia

385 1377 968 1454 demonstrandi
1038 1398 1317 1481 genera
1373 1406 1417 1453 e
1468 1379 1966 1484 perceptione
2027 1403 2397 1454 sensuum
2446 1397 2594 1455 etc.

307 1562 313 1568 .
391 1500 828 1589 tolluntur?
905 1528 1168 1577 nonne
1234 1503 1628 1579 tolluntur
1674 1503 1909 1604 leges,
1983 1527 2187 1602 quae
2231 1499 2594 1578 differen-

391 1624 577 1698 tiam
626 1624 1085 1727 respiciunt,
1141 1650 1402 1699 nonne
1450 1624 1687 1698 etiam
1735 1623 1894 1726 ipsa
1915 1620 2335 1699 Vedantae‘
2365 1647 2597 1726 expo-

389 1745 608 1835 sitio,
662 1771 861 1848 quae
909 1745 1119 1819 inter
1169 1744 1620 1845 magistrum
1668 1761 1748 1819 et
1794 1742 2269 1848 discipulum
2321 1742 2595 1818 distin—-

394 1867 611 1969 guit?
662 1892 940 1971 nempe
989 1883 1309 1969 propter
1367 1865 1582 1940 hunc
1629 1891 1969 1941 errorem
2013 1864 2201 1941 falsa
2233 1883 2363 1952 est,
2410 1891 2591 1968 ergo

396 1988 629 2063 etiam
680 1992 973 2073 unitas,
1025 2017 1261 2092 quam
1312 1987 1557 2065 docet.
1657 1990 1867 2065 Haec
1915 1989 2245 2068 obiectio
2291 1989 2400 2064 sic
2444 1990 2595 2064 sol-

391 2111 641 2186 vitur:
692 2100 954 2187 omnia
1005 2109 1193 2185 haec
1248 2108 1787 2187 tantummodo
1836 2127 2016 2185 ante
2060 2133 2282 2184 verae
2332 2111 2593 2212 cogni-

394 2234 625 2309 tionis
671 2233 1258 2336 acquisitionem
1310 2235 1568 2310 locum
1621 2250 1698 2307 et
1747 2234 2143 2307 veritatem
2191 2231 2592 2334 quandam

381 2355 707 2448 habent,
762 2376 854 2433 ut
901 2357 1197 2433 somnia
1251 2337 1672 2461 antequam
1723 2355 2295 2460 expergefactus
2326 2355 2586 2434 fueris,

378 2485 751 2557 Remanet
804 2500 1062 2556 tamen
1112 2508 1385 2582 magna
1422 2473 1881 2571 difficultas,
1931 2506 2189 2555 veram
2226 2479 2590 2555 Brahma-

378 2606 500 2680 nis
548 2622 908 2681 naturam
940 2604 1300 2682 Vedanta
1348 2604 1608 2681 doceri
1663 2633 1822 2681 non
1878 2630 2125 2709 posse,
2177 2604 2364 2707 quia
2417 2622 2587 2680 tan-

384 2746 553 2802 tum
588 2728 988 2805 veritatem
1029 2728 1311 2803 habeat
1345 2728 1767 2804 relativam..
1867 2732 2267 2813 Attamen,
2319 2745 2413 2803 ut
2444 2728 2591 2829 qui

386 2848 472 2923 in
521 2875 790 2923 somno
839 2875 915 2923 se
967 2849 1067 2923 ab
1118 2849 1358 2951 angui
1391 2850 1895 2925 vulneratum
1929 2875 2063 2926 seu
2095 2876 2299 2951 aqua
2335 2852 2589 2926 lotum

382 2997 535 3046 esse
570 2990 827 3079 putat,
876 2972 938 3047 si
973 2972 1252 3075 surgit,
1304 2973 1664 3048 effectum
1701 2971 2021 3075 quidem
2055 2973 2284 3052 illum
2322 2997 2593 3070 errore

384 3094 858 3204 productum
940 3123 1093 3174 esse
1166 3095 1582 3198 intelligit,
1693 3097 2267 3199 perceptionem
2343 3096 2590 3199 ipsam

385 3225 647 3294 autem
701 3244 982 3319 negare
1033 3244 1194 3294 non
1243 3237 1526 3322 potest,
1577 3218 1685 3294 sic
1736 3216 2087 3293 doctrina
2134 3217 2587 3307 Vedantica,

382 3337 679 3412 etiamsi
717 3358 899 3413 ante
952 3363 1203 3417 veram
1254 3338 1777 3442 cognitionem
1825 3337 2084 3416 adhuc
2135 3342 2592 3443 magistrum

381 3486 426 3533 a
480 3457 863 3561 discipulo
915 3458 1377 3561 distinguat,
1443 3461 1605 3564 ipsa
1659 3480 1917 3536 tamen
1967 3462 2186 3535 reiici
2243 3490 2400 3537 non
2452 3488 2589 3566 po-

385 3599 545 3658 test.
637 3579 982 3657 *Unitatis
1030 3607 1205 3657 vero
1258 3609 1437 3656 cum
1470 3582 1901 3659 Brahmane
1949 3585 2342 3688 perceptio
2382 3610 2593 3660 sum-

384 3729 600 3783 mum
636 3721 780 3792 est,
832 3730 989 3805 quo
1031 3703 1432 3807 pervenire
1473 3724 1917 3809 possumus3
1958 3731 2115 3805 qua
2157 3723 2587 3794 consecuta,

385 3824 604 3898 nulla
657 3843 1003 3899 remanet
1051 3822 1463 3905 distinctio.
1569 3822 1715 3899 Sed
1766 3835 1865 3899 n'e
1925 3825 2588 3902 transformationi

381 3946 703 4052 quidem
758 3948 1211 4026 Brahmanis
1297 3951 1545 4023 ullam
1608 3949 1980 4026 realitatis
2048 3950 2379 4054 speciem
2446 3947 2589 4023 tri-

385 4078 623 4153 buere
677 4073 949 4153 volunt
983 4072 1440 4166 Vedantici3
1488 4072 1785 4180 quippe
1837 4100 2121 4153 nomen
2171 4094 2251 4153 et
2298 4059 2583 4160 forma,
