2964 4737
1160 288 1299 355 ⁵-
1399 302 1698 371 81-

355 486 932 594 philosophatos
991 513 1140 565 esse
1209 509 1443 592 atque
1510 493 1808 595 priscae
1871 491 2083 570 illius
2126 490 2550 599 sapientiae

356 611 823 687 documenta
869 610 1394 716 Upanishades
1442 628 1772 701 exstare,
1848 615 2179 718 simplici
2232 633 2309 690 et
2351 622 2553 690 anti·
2609 622 2615 627 “

350 761 514 834 quo
577 759 925 808 sermone
991 736 1336 836 insignes.
1430 716 1794 812 *Redeunt
1864 737 2103 838 igitur
2153 732 2551 814 doctrinae

354 852 828 928 Vedanticae
861 855 1083 928 initia
1116 858 1341 956 longe
1379 883 1475 928 an
1488 875 1559 929 te
1580 856 2126 932 Alexandrum‘
2144 849 2576 961 magnum}

355 975 520 1048 eius
584 975 1062 1051 incrementa
1114 995 1191 1049 et
1240 977 1801 1052 vicissitudines
1854 981 2186 1054 tenebris
2235 968 2582 1056 obvolu-·⁴

358 1115 481 1172 tae
526 1113 727 1171 sunt.
830 1100 1029 1171 Raro
1066 1116 1255 1172 tunc
1293 1086 1769 1186 scribebant,
1818 1117 1955 1173 aut
1998 1101 2241 1202 pauca
2284 1103 2553 1176 saltem

356 1234 682 1292 aetatem
735 1218 1121 1312 tulerunt3
1175 1218 1530 1292 doctrina
1583 1219 1743 1293 filio
1795 1246 1838 1292 a
1895 1239 2146 1323 patre,
2220 1222 2556 1328 discipu-

359 1339 452 1412 lis
500 1366 544 1412 a
590 1338 947 1439 magistro
1024 1338 1341 1427 tradita,
1415 1358 1508 1414 ut
1577 1338 1673 1413 de
1740 1342 2010 1443 primis
2074 1344 2557 1447 sapientibus

360 1461 446 1534 in
493 1459 1117 1563 Upanishadibus
1187 1478 1573 1549 narratur.
1677 1463 1868 1536 Orta
1922 1460 2279 1569 deinceps
2326 1484 2578 1568 systef

359 1583 640 1657 matica
708 1581 1155 1684 dogmatum
1227 1583 1637 1687 expositiO,
1712 1585 2098 1683 librorum
2161 1611 2558 1664 sacrorum.

361 1705 583 1780 docta
620 1706 1189 1808 i‘nterpretatiO,
1244 1724 1632 1781 certamen
1669 1725 1941 1780 contra
1972 1707 2308 1810 reliquas
2343 1709 2561 1784 scho-

360 1827 510 1911 las,
580 1825 1102 1927 habemusque
1168 1850 1211 1898 e
1281 1824 1510 1900 variis
1573 1845 1744 1930 post
1806 1826 2197 1902 Christum
2282 1847 2558 1904 natum

358 1950 688 2023 saeculisv
741 1947 955 2022 haud
1015 1946 1446 2052 spernenda
1518 1945 1614 2020 de
1671 1932 2205 2055 philosophiae
2251 1947 2559 2024 Vedan·

364 2071 557 2144 ticae
623 2068 879 2143 studio
957 2068 1410 2144 testimonia.
1513 2070 1634 2144 Sic
1711 2070 1793 2144 in
1850 2066 2582 2149 Miichchhacatico

363 2189 553 2261 haec
605 2188 688 2260 in
733 2213 965 2326 prece
1015 2187 1419 2288 praemissa
1473 2190 1881 2289 leguntur:
1934 2180 2557 2286 wamma-f-

358 2423 570 2503 πτειῆτέτε
639 2449 751 2524 (πῃ
813 2423 1566 2521 warsten-emm:
1617 2431 1814 2500 aurfts:
1873 2454 1885 2497 ι
1961 2432 2357 2517 „Tueatur
2428 2460 2558 2508 vos

358 2553 606 2640 Sivae,
660 2552 883 2626 cuius
929 2577 1186 2640 sensus
1238 2551 1547 2624 interna
1596 2554 1915 2653 spiritus
1955 2554 2416 2627 coercitione
2456 2557 2555 2627 ab
2595 2637 2598 2640 ,

359 2675 573 2750 omni
626 2674 1065 2775 cognitione
1113 2690 1401 2749 cessant
1450 2690 1528 2747 et
1568 2672 1845 2748 domiti
1885 2691 2102 2764 sunt,
2152 2674 2291 2776 qui
2330 2677 2556 2749 oculo

359 2797 702 2872 veritatis
767 2798 1119 2871 animum
1171 2794 1273 2890 (se
1324 2794 1611 2899 ipsum)
1681 2797 1766 2872 in
1828 2797 2089 2871 animo
2139 2796 2238 2869 ab
2290 2798 2552 2870 omni-

358 2919 505 2993 hus
555 2914 1085 2993 instrumentis
1123 2915 1459 2988 liberum
1499 2916 2092 3019 contemplatur,
2145 2915 2309 2989 eius
2340 2916 2555 2990 Sivae

357 3038 758 3126 meditatio
828 3039 971 3111 fixa
1043 3034 1128 3109 in
1190 3034 1671 3123 Brahmane,
1762 3062 1961 3135 quae
2037 3038 2255 3109 inani
2329 3040 2553 3112 oculo

362 3162 937 3237 dissolutionem
989 3155 1361 3261 quaerit.“
1461 3157 1910 3232 Concinunt
1958 3155 2145 3231 haec
2194 3182 2375 3230 cum
2408 3161 2555 3232 Ve-

362 3284 852 3361 danticorum
905 3281 998 3355 de
1047 3279 1547 3354 meditatione
1597 3279 1936 3381 placitis;
1983 3274 2113 3356 sed
2163 3273 2562 3379 quadrant

360 3407 595 3482 etiam
646 3406 731 3479 in
755 3399 1171 3503 Patanjalis
1221 3399 1792 3504 philosophiam
1844 3396 2554 3503 contemplativam,

361 3552 597 3628 quae,
686 3544 780 3599 ut
867 3524 1090 3598 docet
1175 3522 1472 3624 primus
1563 3523 1994 3621 Yogasastri
2074 3519 2594 3624 aphorismus

363 3645 485 3741 (aar
540 3642 891 3738 τῇπῐξςπιττὲτ
944 3669 955 3709 ι
1029 3634 1585 3734 τῆπθῑῐῆὶέΐὲιῇυε
1606 3639 1671 3729 ),
1742 3656 1852 3712 est
1900 3641 2259 3714 coercitio
2311 3641 2562 3714 omnis

367 3765 805 3840 intellectus
853 3762 1199 3835 actionis.
1296 3760 1411 3850 De
1454 3785 1632 3832 voce
1666 3762 1861 3830 ται-ῆι
1919 3762 2073 3835 iam
2114 3788 2346 3863 supra
2402 3791 2557 3835 mo-

365 3886 531 3962 nui.
616 3885 727 3957 Eo
761 3881 1043 3955 clarius
1091 3905 1265 3952 vero
1317 3876 1411 3948 de
1440 3875 1788 3951 Vedanta
1842 3882 2196 3980 loquitur
2215 3881 2557 3954 Calidasa

368 4007 839 4083 Vicramorv.
925 4027 999 4104 p.
1067 4023 1135 4088 1‘,
1216 4000 1266 4070 1.
1338 4028 1396 4073 1.
1463 3990 1689 4091 &ts-313
1761 3992 2139 4099 ww
2205 4021 2361 4071 m
2422 3995 2602 4070 &a

2063 4125 2113 4194 6
