2964 4737
1175 290 1724 368 ...152—

301 588 304 589 7
352 517 528 569 vero
580 489 743 565 eius
792 487 1043 564 antea
1082 469 1586 566 demonstrati
1639 490 1872 572 entis,
1955 487 2171 590 quod
2220 489 2564 564 activum

353 633 499 704 est,
535 613 938 718 ⁸passivitas
991 614 1304 716 probari
1364 615 1656 716 potest?
1731 611 2343 716 Respondemus:
2425 638 2563 715 per

357 736 1134 825 transformationem.
1234 739 1484 808 Antea
1550 731 2117 808 demonstratus
2195 757 2333 806 ens
2399 732 2569 805 ani-

353 887 527 936 mus
575 885 655 935 se
704 861 961 963 ipsum
1013 858 1448 933 mutatione
1503 856 2093 933 transformavit.
2163 856 2566 930 Transfor-

354 981 595 1057 matio
646 1006 789 1084 per
838 980 1350 1055 mutationem
1400 978 1636 1055 etiam
1688 978 1771 1052 in
1811 979 2084 1078 argilla
2124 993 2201 1051 et
2245 977 2566 1078 reliquis

355 1103 633 1177 caussis
682 1102 1210 1189 materialibus
1249 1101 1702 1206 percipitur.
1770 1098 2056 1174 Addita
2093 1118 2357 1174 autem
2386 1125 2566 1199 voce

358 1230 595 1322 ipsum
649 1226 883 1298 aliam
936 1250 1273 1298 caussam
1316 1225 1784 1298 efficientem
1823 1250 1984 1297 non
2020 1222 2292 1325 respici
2334 1221 2565 1323 signi-

363 1348 712 1420 ficatur.“
816 1349 1209 1420 Hactenus
1255 1343 1872 1421 Vedanticorum
1941 1345 2223 1448 placita
2276 1344 2371 1417 de
2421 1345 2569 1418 ori-

358 1467 537 1566 gine
587 1485 664 1542 et
712 1454 1140 1542 substantia
1191 1465 1512 1561 mundi;
1593 1468 1745 1541 iam
1796 1465 2227 1555 videamus,
2280 1468 2569 1568 quibus

358 1590 834 1690 argumentis
906 1572 1253 1692 reliquae
1331 1589 1635 1663 scholae
1684 1614 1958 1662 eorum
2024 1589 2566 1663 auctoritatem
2634 1668 2638 1677 ,

361 1710 789 1813 infringere
858 1731 1176 1786 conatae
1237 1710 1397 1786 sint
1444 1728 1523 1785 et
1568 1709 1962 1811 quomodo
2011 1739 2057 1785 a
2109 1710 2389 1785 nostris
2439 1708 2565 1783 de-

356 1833 834 1908 fendantur.'
905 1833 1396 1909 Obiectiones
1457 1851 1728 1908 contra
1804 1833 2361 1910 caussalitatem
2411 1835 2566 1910 ma-

362 1955 714 2031 terialem
766 1972 952 2029 sunt
1006 1954 1494 2056 potissimum
1545 1951 1734 2028 hae-2
1789 1955 2119 2030 Brahma
2168 1981 2212 2028 e
2260 1953 2568 2031 Vedanss·

365 2076 703 2154 ticorum
754 2075 1125 2178 opinione
1162 2092 1273 2151 est
1315 2101 1589 2161 unum,
1643 2076 1920 2170 vivens,
1973 2103 2286 2180 purum,
2339 2075 2570 2151 ratio-

361 2200 540 2279 nale
574 2216 760 2289 etc.;
812 2197 1203 2298 quomodo
1256 2198 1500 2300 igitur
1551 2195 1893 2272 mundus
1941 2197 2374 2302 multipleX,
2414 2196 2569 2275 vita

365 2344 652 2410 carens,
695 2321 1068 2425 impurus,
1111 2320 1581 2396 irrationalis
1623 2344 1713 2392 ex
1746 2344 1836 2393 eo
1870 2320 2243 2422 proficisci
2280 2325 2571 2426 potest?

366 2443 904 2546 Respondent,
953 2469 994 2515 e
1051 2442 1487 2518 Brahmane
1540 2441 1929 2517 mundum
1979 2444 2133 2517 vita
2187 2462 2578 2519 carentem

300 2563 313 2579 ⁸
360 2564 555 2641 eriri
606 2592 817 2668 posse
846 2623 864 2654 ‚
920 2584 1012 2639 ut
1058 2566 1309 2640 crines
1360 2565 1516 2639 vita
1566 2583 1909 2640 carentes
1958 2589 2051 2637 ex
2097 2562 2417 2640 homine
2464 2566 2575 2640 vi-

358 2706 584 2763 vente
634 2685 743 2781 (B.
780 2690 845 2762 S.
886 2692 990 2777 ΙΙ,
1056 2716 1150 2777 1„
1180 2683 1310 2781 6.).
1410 2692 1717 2761 Instant
1766 2685 2220 2762 adversarii:
2273 2684 2434 2762 duo
2485 2688 2572 2764 in

362 2807 665 2884 mundo
716 2808 1340 2908 distinguuntur:
1396 2808 1492 2896 is,
1546 2807 1686 2908 qui
1739 2808 2082 2896 fruitur,
2132 2828 2210 2885 et
2244 2809 2362 2900 id,
2411 2838 2572 2913 quo

362 2929 707 3023 fruitur3
795 2929 858 3002 si
921 2946 1183 3004 autem
1255 2954 1487 3004 omne
1549 2929 1878 3005 Blahma
1946 2957 2098 3005 esse
2170 2935 2571 3036 ponimuS,

364 3050 561 3124 haec
612 3049 1005 3130 distinctio
1056 3051 1452 3126 evanescit.
1557 3051 1994 3154 Respondet
2033 3056 2358 3128 Sancara
2394 3058 2474 3126 B.
2500 3058 2570 3131 S.

365 3908 892 3981 mutationesz.
922 3933 1228 4011 spuma,
1274 3906 1521 3995 unda,
1562 3907 1880 3991 fluctus,
1919 3908 2218 4000 bullae,
2270 3940 2315 3986 a
2352 3909 2575 4005 mari,

365 4027 582 4130 quod
634 4046 914 4107 natura
965 4057 1099 4106 sua
1142 4057 1344 4133 aqua
1379 4047 1527 4118 est,
1584 4057 1743 4105 non
1780 4028 2117 4108 diversae
2156 4033 2346 4123 sint,
2404 4060 2574 4136 per-
